
<record>
  <leader>01550cam a22003134i 4500</leader>
  <controlfield tag="001">20693162</controlfield>
  <controlfield tag="005">20200102180800.0</controlfield>
  <controlfield tag="008">181001s2019    caua          000 0 eng  </controlfield>
  <datafield tag="906" ind1=" " ind2=" ">
    <subfield code="a">7</subfield>
    <subfield code="b">cbc</subfield>
    <subfield code="c">orignew</subfield>
    <subfield code="d">1</subfield>
    <subfield code="e">ecip</subfield>
    <subfield code="f">20</subfield>
    <subfield code="g">y-gencatlg</subfield>
  </datafield>
  <datafield tag="925" ind1="0" ind2=" ">
    <subfield code="a">acquire</subfield>
    <subfield code="b">1 shelf copy</subfield>
    <subfield code="x">policy default</subfield>
  </datafield>
  <datafield tag="955" ind1=" " ind2=" ">
    <subfield code="b">rk10 2018-10-01</subfield>
    <subfield code="c">rk10 2018-10-01 (telework) to subject</subfield>
    <subfield code="d">rk02 2018-10-16 to Dewey (telework)</subfield>
    <subfield code="w">xm07 2018-10-18</subfield>
    <subfield code="a">xn11 2019-09-10 1 copy rec&apos;d., to CIP ver.</subfield>
    <subfield code="a">rk20 2019-09-17 book received in ART</subfield>
    <subfield code="f">re06 2020-01-02 (telework) to Calm</subfield>
  </datafield>
  <datafield tag="010" ind1=" " ind2=" ">
    <subfield code="a">  2018045632</subfield>
  </datafield>
  <datafield tag="020" ind1=" " ind2=" ">
    <subfield code="a">9781945551567 (hardback)</subfield>
  </datafield>
  <datafield tag="040" ind1=" " ind2=" ">
    <subfield code="a">DLC</subfield>
    <subfield code="b">eng</subfield>
    <subfield code="c">DLC</subfield>
    <subfield code="e">rda</subfield>
    <subfield code="d">DLC</subfield>
  </datafield>
  <datafield tag="042" ind1=" " ind2=" ">
    <subfield code="a">pcc</subfield>
  </datafield>
  <datafield tag="050" ind1="0" ind2="0">
    <subfield code="a">BR1713</subfield>
    <subfield code="b">.C37 2019</subfield>
  </datafield>
  <datafield tag="082" ind1="0" ind2="0">
    <subfield code="a">270.092/52</subfield>
    <subfield code="2">23</subfield>
  </datafield>
  <datafield tag="100" ind1="1" ind2=" ">
    <subfield code="a">Carroll, Mary Lea,</subfield>
    <subfield code="e">author.</subfield>
  </datafield>
  <datafield tag="245" ind1="1" ind2="0">
    <subfield code="a">St. Everywhere :</subfield>
    <subfield code="b">travels in search of the lady saints /</subfield>
    <subfield code="c">Mary Lea Carroll.</subfield>
  </datafield>
  <datafield tag="264" ind1=" " ind2="1">
    <subfield code="a">Altadena :</subfield>
    <subfield code="b">Prospect Park Books,</subfield>
    <subfield code="c">[2019]</subfield>
  </datafield>
  <datafield tag="300" ind1=" " ind2=" ">
    <subfield code="a">156 pages :</subfield>
    <subfield code="b">illustrations;</subfield>
    <subfield code="c">20 cm</subfield>
  </datafield>
  <datafield tag="336" ind1=" " ind2=" ">
    <subfield code="a">text</subfield>
    <subfield code="b">txt</subfield>
    <subfield code="2">rdacontent</subfield>
  </datafield>
  <datafield tag="337" ind1=" " ind2=" ">
    <subfield code="a">unmediated</subfield>
    <subfield code="b">n</subfield>
    <subfield code="2">rdamedia</subfield>
  </datafield>
  <datafield tag="338" ind1=" " ind2=" ">
    <subfield code="a">volume</subfield>
    <subfield code="b">nc</subfield>
    <subfield code="2">rdacarrier</subfield>
  </datafield>
  <datafield tag="505" ind1="0" ind2=" ">
    <subfield code="a">Pondering life more -- Come fly with me -- Olar de las Rosas -- If you build it, they will come -- Well, not a saint ; a statue -- A is for Apple, B is for Big apple, S is for Saint -- Call mom! -- Climbing the mountain.</subfield>
  </datafield>
  <datafield tag="650" ind1=" " ind2="0">
    <subfield code="a">Christian women saints.</subfield>
  </datafield>
  <datafield tag="650" ind1=" " ind2="0">
    <subfield code="a">Christian shrines.</subfield>
  </datafield>
  <datafield tag="650" ind1=" " ind2="0">
    <subfield code="a">Christian pilgrims and pilgrimages.</subfield>
  </datafield>
  <datafield tag="776" ind1="0" ind2="8">
    <subfield code="i">Online version:</subfield>
    <subfield code="a">Carroll, Mary Lea, author.</subfield>
    <subfield code="t">St. Everywhere</subfield>
    <subfield code="d">Altadena : Prospect Park Books, 2019</subfield>
    <subfield code="z">9781945551574</subfield>
    <subfield code="w">(DLC) 2018050371</subfield>
  </datafield>
</record>