
<record>
  <leader>02359cam a22003494i 4500</leader>
  <controlfield tag="001">20697699</controlfield>
  <controlfield tag="005">20200102072355.0</controlfield>
  <controlfield tag="008">181005s2019    nyua     b    001 0deng  </controlfield>
  <datafield tag="906" ind1=" " ind2=" ">
    <subfield code="a">7</subfield>
    <subfield code="b">cbc</subfield>
    <subfield code="c">orignew</subfield>
    <subfield code="d">1</subfield>
    <subfield code="e">ecip</subfield>
    <subfield code="f">20</subfield>
    <subfield code="g">y-gencatlg</subfield>
  </datafield>
  <datafield tag="925" ind1="0" ind2=" ">
    <subfield code="a">acquire</subfield>
    <subfield code="b">1 shelf copy</subfield>
    <subfield code="x">policy default</subfield>
  </datafield>
  <datafield tag="955" ind1=" " ind2=" ">
    <subfield code="b">re17 2018-10-05</subfield>
    <subfield code="i">re17 2018-10-05 (rev. re23)</subfield>
    <subfield code="a">re17 2018-10-10 to Sl</subfield>
    <subfield code="e">re06 2018-10-11 (telework) to Dewey</subfield>
    <subfield code="a">xn11 2019-07-16 1 copy rec&apos;d., to CIP ver.</subfield>
    <subfield code="f">re06 2019-08-08 (telework) to CALM</subfield>
  </datafield>
  <datafield tag="010" ind1=" " ind2=" ">
    <subfield code="a">  2018045168</subfield>
  </datafield>
  <datafield tag="020" ind1=" " ind2=" ">
    <subfield code="a">9780316416481 (hardcover)</subfield>
  </datafield>
  <datafield tag="020" ind1=" " ind2=" ">
    <subfield code="z">9780316416474 (ebook)</subfield>
  </datafield>
  <datafield tag="040" ind1=" " ind2=" ">
    <subfield code="a">DLC</subfield>
    <subfield code="b">eng</subfield>
    <subfield code="c">DLC</subfield>
    <subfield code="e">rda</subfield>
    <subfield code="d">DLC</subfield>
  </datafield>
  <datafield tag="042" ind1=" " ind2=" ">
    <subfield code="a">pcc</subfield>
  </datafield>
  <datafield tag="050" ind1="0" ind2="0">
    <subfield code="a">GV1851.A35</subfield>
    <subfield code="b">S55 2019</subfield>
  </datafield>
  <datafield tag="082" ind1="0" ind2="0">
    <subfield code="a">791.06/8</subfield>
    <subfield code="2">23</subfield>
  </datafield>
  <datafield tag="100" ind1="1" ind2=" ">
    <subfield code="a">Silverman, Stephen M.,</subfield>
    <subfield code="e">author.</subfield>
  </datafield>
  <datafield tag="245" ind1="1" ind2="4">
    <subfield code="a">The amusement park :</subfield>
    <subfield code="b">900 years of thrills and spills, and the dreamers and schemers who built them /</subfield>
    <subfield code="c">Stephen M. Silverman.</subfield>
  </datafield>
  <datafield tag="250" ind1=" " ind2=" ">
    <subfield code="a">First edition.</subfield>
  </datafield>
  <datafield tag="264" ind1=" " ind2="1">
    <subfield code="a">New York :</subfield>
    <subfield code="b">Black Dog and Leventhal,</subfield>
    <subfield code="c">[2019]</subfield>
  </datafield>
  <datafield tag="300" ind1=" " ind2=" ">
    <subfield code="a">432 pages :</subfield>
    <subfield code="b">color illustrations;</subfield>
    <subfield code="c">24 cm</subfield>
  </datafield>
  <datafield tag="336" ind1=" " ind2=" ">
    <subfield code="a">text</subfield>
    <subfield code="b">txt</subfield>
    <subfield code="2">rdacontent</subfield>
  </datafield>
  <datafield tag="337" ind1=" " ind2=" ">
    <subfield code="a">unmediated</subfield>
    <subfield code="b">n</subfield>
    <subfield code="2">rdamedia</subfield>
  </datafield>
  <datafield tag="338" ind1=" " ind2=" ">
    <subfield code="a">volume</subfield>
    <subfield code="b">nc</subfield>
    <subfield code="2">rdacarrier</subfield>
  </datafield>
  <datafield tag="504" ind1=" " ind2=" ">
    <subfield code="a">Includes bibliographical references (pages 364-424) and index.</subfield>
  </datafield>
  <datafield tag="505" ind1="0" ind2=" ">
    <subfield code="a">Remain seated -- The fun begins -- All&apos;s -- Royal retreat -- Vaux populi -- Earthly delights -- Humdinger -- Horseplay -- Skulduggery -- Restless spirits -- Son of blubber -- Getting serious -- The beach is divine -- Surf and turf -- What goes around -- Next chapter -- Water works -- Snakes at a picnic -- Riding the wave -- Catching clouds -- A new epoch -- To the moon -- Fortune&apos;s folly -- Just add flames -- Shaking things up -- Off the rails -- Caution to the wind -- Sugar rush -- Hold on tight -- Beating a path -- By land and sea -- Birds of a feather -- Sink or swim -- Salt of the earth -- Moving right along -- Grand slam -- New worlds -- Finishing touches -- On the horizon -- Quidditch, anyone?.</subfield>
  </datafield>
  <datafield tag="520" ind1=" " ind2=" ">
    <subfield code="a">&quot;The history of amusement parks, from the middle ages to present day, populated by the colorful (and sometimes criminal) characters who built them, and the regular folks who sought their magical, albeit temporary, charms&quot;--</subfield>
    <subfield code="c">Provided by publisher.</subfield>
  </datafield>
  <datafield tag="650" ind1=" " ind2="0">
    <subfield code="a">Amusement parks</subfield>
    <subfield code="x">History.</subfield>
  </datafield>
  <datafield tag="650" ind1=" " ind2="0">
    <subfield code="a">Amusement parks</subfield>
    <subfield code="x">Design and construction</subfield>
    <subfield code="x">History.</subfield>
  </datafield>
  <datafield tag="650" ind1=" " ind2="0">
    <subfield code="a">Amusement park owners</subfield>
    <subfield code="v">Anecdotes.</subfield>
  </datafield>
</record>