
<record>
  <leader>01946cam a2200325 i 4500</leader>
  <controlfield tag="001">20700113</controlfield>
  <controlfield tag="005">20200102131241.0</controlfield>
  <controlfield tag="008">181009s2019    ne       b    001 0aeng  </controlfield>
  <datafield tag="906" ind1=" " ind2=" ">
    <subfield code="a">7</subfield>
    <subfield code="b">cbc</subfield>
    <subfield code="c">orignew</subfield>
    <subfield code="d">1</subfield>
    <subfield code="e">ecip</subfield>
    <subfield code="f">20</subfield>
    <subfield code="g">y-gencatlg</subfield>
  </datafield>
  <datafield tag="925" ind1="0" ind2=" ">
    <subfield code="a">acquire</subfield>
    <subfield code="b">1 shelf copy</subfield>
    <subfield code="x">policy default</subfield>
  </datafield>
  <datafield tag="955" ind1=" " ind2=" ">
    <subfield code="b">rk10 2018-10-10</subfield>
    <subfield code="c">rk10 2018-10-10 (telework) to subject</subfield>
    <subfield code="d">rk02 2019-01-09 to Policy for class proposal</subfield>
    <subfield code="a">xn13 2019-01-23 1 copy rec&apos;d., to CIP ver.</subfield>
    <subfield code="a">rk20 2019-01-29 book received in ART</subfield>
    <subfield code="f">rk06 2019-02-28 to BCCD</subfield>
    <subfield code="a">td14 2020-01-02 class proposal approved; galley to Dewey</subfield>
    <subfield code="w">xm07 2020-01-02</subfield>
  </datafield>
  <datafield tag="010" ind1=" " ind2=" ">
    <subfield code="a">  2018047725</subfield>
  </datafield>
  <datafield tag="020" ind1=" " ind2=" ">
    <subfield code="a">9789004364349 (pbk. : alk. paper)</subfield>
  </datafield>
  <datafield tag="020" ind1=" " ind2=" ">
    <subfield code="a">9789004388017 (ebook)</subfield>
  </datafield>
  <datafield tag="040" ind1=" " ind2=" ">
    <subfield code="a">DLC</subfield>
    <subfield code="b">eng</subfield>
    <subfield code="c">DLC</subfield>
    <subfield code="e">rda</subfield>
    <subfield code="d">DLC</subfield>
  </datafield>
  <datafield tag="042" ind1=" " ind2=" ">
    <subfield code="a">pcc</subfield>
  </datafield>
  <datafield tag="050" ind1="0" ind2="0">
    <subfield code="a">B945.K774</subfield>
    <subfield code="b">A3 2019</subfield>
  </datafield>
  <datafield tag="082" ind1="0" ind2="0">
    <subfield code="a">191</subfield>
    <subfield code="a">B</subfield>
    <subfield code="2">23</subfield>
  </datafield>
  <datafield tag="100" ind1="1" ind2=" ">
    <subfield code="a">Krausz, Michael,</subfield>
    <subfield code="d">1942-</subfield>
  </datafield>
  <datafield tag="245" ind1="1" ind2="0">
    <subfield code="a">Roots in the air :</subfield>
    <subfield code="b">a philosophical autobiography of a philosopher, artist, and musician /</subfield>
    <subfield code="c">by Michael Krausz ; with an introduction by Andreea Deciu Ritivoi.</subfield>
  </datafield>
  <datafield tag="264" ind1=" " ind2="1">
    <subfield code="a">Leiden ;</subfield>
    <subfield code="a">Boston :</subfield>
    <subfield code="b">Brill-Rodopi,</subfield>
    <subfield code="c">[2019]</subfield>
  </datafield>
  <datafield tag="300" ind1=" " ind2=" ">
    <subfield code="a">xii, 268 pages ;</subfield>
    <subfield code="c">24 cm.</subfield>
  </datafield>
  <datafield tag="336" ind1=" " ind2=" ">
    <subfield code="a">text</subfield>
    <subfield code="b">txt</subfield>
    <subfield code="2">rdacontent</subfield>
  </datafield>
  <datafield tag="337" ind1=" " ind2=" ">
    <subfield code="a">unmediated</subfield>
    <subfield code="b">n</subfield>
    <subfield code="2">rdamedia</subfield>
  </datafield>
  <datafield tag="338" ind1=" " ind2=" ">
    <subfield code="a">volume</subfield>
    <subfield code="b">nc</subfield>
    <subfield code="2">rdacarrier</subfield>
  </datafield>
  <datafield tag="490" ind1="0" ind2=" ">
    <subfield code="a">Value inquiry book series,</subfield>
    <subfield code="x">0929-8436 ;</subfield>
    <subfield code="v">volume 328.</subfield>
    <subfield code="a">Philosophy, literature &amp; politics</subfield>
  </datafield>
  <datafield tag="504" ind1=" " ind2=" ">
    <subfield code="a">Includes bibliographical references and indexes.</subfield>
  </datafield>
  <datafield tag="505" ind1="0" ind2=" ">
    <subfield code="a">My journey -- Early years: Geneva, New York, Cleveland -- Music and my Jewish question -- Rutgers, London School of Economics, Indiana, Toronto, and Oxford -- Bryn Mawr, Philadelphia, Oxford again, and other places -- My epiphany and art -- My music again -- My India -- Transitions and trajectories -- Philosophical reflections -- Relativisms -- Interpretation.</subfield>
  </datafield>
  <datafield tag="600" ind1="1" ind2="0">
    <subfield code="a">Krausz, Michael,</subfield>
    <subfield code="d">1942-</subfield>
  </datafield>
  <datafield tag="776" ind1="0" ind2="8">
    <subfield code="i">Online version:</subfield>
    <subfield code="a">Krausz, Michael, 1942-</subfield>
    <subfield code="t">Roots in the air.</subfield>
    <subfield code="d">Leiden ; Boston : Brill-Rodopi, [2019]</subfield>
    <subfield code="z">9789004388017</subfield>
    <subfield code="w">(DLC)  2019980967</subfield>
  </datafield>
</record>