
<record>
  <leader>02949cam a2200361 i 4500</leader>
  <controlfield tag="001">20701007</controlfield>
  <controlfield tag="005">20200102091457.0</controlfield>
  <controlfield tag="008">180905s2019    mau      b    001 0 eng c</controlfield>
  <datafield tag="906" ind1=" " ind2=" ">
    <subfield code="a">7</subfield>
    <subfield code="b">cbc</subfield>
    <subfield code="c">orignew</subfield>
    <subfield code="d">1</subfield>
    <subfield code="e">ecip</subfield>
    <subfield code="f">20</subfield>
    <subfield code="g">y-gencatlg</subfield>
  </datafield>
  <datafield tag="925" ind1="0" ind2=" ">
    <subfield code="a">acquire</subfield>
    <subfield code="b">1 shelf copy</subfield>
    <subfield code="x">policy default</subfield>
  </datafield>
  <datafield tag="955" ind1=" " ind2=" ">
    <subfield code="a">MH</subfield>
    <subfield code="a">xg08 2018-10-11(ready to shelflist)</subfield>
    <subfield code="e">xg11 2018-10-11 to Dewey</subfield>
    <subfield code="w">xm06 2018-10-11</subfield>
    <subfield code="a">xn16 2019-05-28 1 copy rec&apos;d., to CIP ver.</subfield>
    <subfield code="f">xg34 2019-05-30 Copy 1 to LL</subfield>
    <subfield code="t">xg34 2019-05-31 Copy 2 added to LL</subfield>
  </datafield>
  <datafield tag="010" ind1=" " ind2=" ">
    <subfield code="a">  2018042062</subfield>
  </datafield>
  <datafield tag="020" ind1=" " ind2=" ">
    <subfield code="a">9780674986954</subfield>
    <subfield code="q">(alk. paper)</subfield>
  </datafield>
  <datafield tag="040" ind1=" " ind2=" ">
    <subfield code="a">MH/DLC</subfield>
    <subfield code="b">eng</subfield>
    <subfield code="c">MH</subfield>
    <subfield code="e">rda</subfield>
    <subfield code="d">DLC</subfield>
  </datafield>
  <datafield tag="042" ind1=" " ind2=" ">
    <subfield code="a">pcc</subfield>
  </datafield>
  <datafield tag="043" ind1=" " ind2=" ">
    <subfield code="a">n-us---</subfield>
  </datafield>
  <datafield tag="050" ind1="0" ind2="0">
    <subfield code="a">KF4550</subfield>
    <subfield code="b">.C557 2019</subfield>
  </datafield>
  <datafield tag="082" ind1="0" ind2="0">
    <subfield code="a">347.73/26504</subfield>
    <subfield code="2">23</subfield>
  </datafield>
  <datafield tag="100" ind1="1" ind2=" ">
    <subfield code="a">Coan, Andrew,</subfield>
    <subfield code="e">author.</subfield>
  </datafield>
  <datafield tag="245" ind1="1" ind2="0">
    <subfield code="a">Rationing the Constitution :</subfield>
    <subfield code="b">how judicial capacity shapes Supreme Court decision-making /</subfield>
    <subfield code="c">Andrew Coan.</subfield>
  </datafield>
  <datafield tag="264" ind1=" " ind2="1">
    <subfield code="a">Cambridge, Massachusetts :</subfield>
    <subfield code="b">Harvard University Press,</subfield>
    <subfield code="c">2019.</subfield>
  </datafield>
  <datafield tag="300" ind1=" " ind2=" ">
    <subfield code="a">viii, 265 pages ;</subfield>
    <subfield code="c">25 cm</subfield>
  </datafield>
  <datafield tag="336" ind1=" " ind2=" ">
    <subfield code="a">text</subfield>
    <subfield code="b">txt</subfield>
    <subfield code="2">rdacontent</subfield>
  </datafield>
  <datafield tag="337" ind1=" " ind2=" ">
    <subfield code="a">unmediated</subfield>
    <subfield code="b">n</subfield>
    <subfield code="2">rdamedia</subfield>
  </datafield>
  <datafield tag="338" ind1=" " ind2=" ">
    <subfield code="a">volume</subfield>
    <subfield code="b">nc</subfield>
    <subfield code="2">rdacarrier</subfield>
  </datafield>
  <datafield tag="520" ind1=" " ind2=" ">
    <subfield code="a">The Supreme Court is a tiny institution that can resolve only a fraction of the constitutional issues generated by the American government. This simple yet startling fact is impossible to deny, but few students of the Court have seriously considered its implications. In Rationing the Constitution, Andrew Coan explains how the Court&apos;s limited capacity shapes U.S. constitutional law and argues that the limits of judicial capacity powerfully constrain Supreme Court decision-making on many of the most important constitutional questions, spanning federalism, separation of powers, and individual rights. Examples include the commerce power, presidential powers, Equal Protection, and regulatory takings. The implications for U.S. constitutional law are profound. Lawyers, academics, and social activists pursuing social reform through the courts must consider whether their goals can be accomplished within the constraints of judicial capacity.--</subfield>
    <subfield code="c">Provided by publisher</subfield>
  </datafield>
  <datafield tag="504" ind1=" " ind2=" ">
    <subfield code="a">Includes bibliographical references (pages 215-255) and index.</subfield>
  </datafield>
  <datafield tag="505" ind1="0" ind2=" ">
    <subfield code="a">Understanding judicial capacity : Structural and normative underpinnings -- The judicial capacity model -- Refining the model -- Testing the model -- The judicial capacity model applied : federalism -- The commerce power -- The spending power -- Separation of powers -- The nondelegation doctrine -- Presidential administration -- Individual rights -- Equal protection -- Takings -- Positive and normative implications : judicial capacity and the constitutional choice set -- Judicial capacity and judicial competence -- Judicial capacity and judicial independence.</subfield>
  </datafield>
  <datafield tag="650" ind1=" " ind2="0">
    <subfield code="a">Constitutional law</subfield>
    <subfield code="z">United States.</subfield>
  </datafield>
  <datafield tag="610" ind1="1" ind2="0">
    <subfield code="a">United States.</subfield>
    <subfield code="b">Supreme Court.</subfield>
  </datafield>
  <datafield tag="650" ind1=" " ind2="0">
    <subfield code="a">Judges</subfield>
    <subfield code="x">Workload</subfield>
    <subfield code="z">United States.</subfield>
  </datafield>
  <datafield tag="650" ind1=" " ind2="0">
    <subfield code="a">Judicial process</subfield>
    <subfield code="z">United States.</subfield>
  </datafield>
  <datafield tag="985" ind1=" " ind2=" ">
    <subfield code="a">MHCIP</subfield>
    <subfield code="d">2018-10-10</subfield>
  </datafield>
</record>