
<record>
  <leader>02152cam a2200385 i 4500</leader>
  <controlfield tag="001">20702372</controlfield>
  <controlfield tag="005">20200102153234.0</controlfield>
  <controlfield tag="008">181008t20192019fluab    b    001 0 eng c</controlfield>
  <datafield tag="906" ind1=" " ind2=" ">
    <subfield code="a">7</subfield>
    <subfield code="b">cbc</subfield>
    <subfield code="c">orignew</subfield>
    <subfield code="d">1</subfield>
    <subfield code="e">ecip</subfield>
    <subfield code="f">20</subfield>
    <subfield code="g">y-gencatlg</subfield>
  </datafield>
  <datafield tag="925" ind1="0" ind2=" ">
    <subfield code="a">acquire</subfield>
    <subfield code="b">2 shelf copies</subfield>
    <subfield code="x">policy default (ex.)</subfield>
  </datafield>
  <datafield tag="955" ind1=" " ind2=" ">
    <subfield code="a">FUG</subfield>
    <subfield code="e">rf07 2018-10-26 (telework) to Dewey</subfield>
    <subfield code="w">xm09 2018-10-26</subfield>
    <subfield code="a">xn11 2019-10-04 1 copy rec&apos;d., to CIP ver.</subfield>
    <subfield code="f">rf06 2019-10-22 to CALM</subfield>
  </datafield>
  <datafield tag="010" ind1=" " ind2=" ">
    <subfield code="a">  2018047757</subfield>
  </datafield>
  <datafield tag="020" ind1=" " ind2=" ">
    <subfield code="a">9780813056388 (cloth : alk. paper)</subfield>
  </datafield>
  <datafield tag="040" ind1=" " ind2=" ">
    <subfield code="a">FUG/DLC</subfield>
    <subfield code="b">eng</subfield>
    <subfield code="c">FUG</subfield>
    <subfield code="e">rda</subfield>
    <subfield code="d">DLC</subfield>
  </datafield>
  <datafield tag="042" ind1=" " ind2=" ">
    <subfield code="a">pcc</subfield>
  </datafield>
  <datafield tag="050" ind1="0" ind2="0">
    <subfield code="a">F319.N56</subfield>
    <subfield code="b">L48 2019</subfield>
  </datafield>
  <datafield tag="082" ind1="0" ind2="0">
    <subfield code="a">975.9/79</subfield>
    <subfield code="2">23</subfield>
  </datafield>
  <datafield tag="245" ind1="0" ind2="4">
    <subfield code="a">The letters of George Long Brown :</subfield>
    <subfield code="b">a Yankee merchant on Florida&apos;s antebellum frontier /</subfield>
    <subfield code="c">edited by James M. Denham and Keith L. Huneycutt.</subfield>
  </datafield>
  <datafield tag="264" ind1=" " ind2="1">
    <subfield code="a">Gainesville :</subfield>
    <subfield code="b">University Press of Florida,</subfield>
    <subfield code="c">2019.</subfield>
  </datafield>
  <datafield tag="264" ind1=" " ind2="4">
    <subfield code="c">©2019</subfield>
  </datafield>
  <datafield tag="300" ind1=" " ind2=" ">
    <subfield code="a">xi, 247 pages :</subfield>
    <subfield code="b">illustrations, maps ;</subfield>
    <subfield code="c">24 cm.</subfield>
  </datafield>
  <datafield tag="336" ind1=" " ind2=" ">
    <subfield code="a">text</subfield>
    <subfield code="2">rdacontent</subfield>
  </datafield>
  <datafield tag="337" ind1=" " ind2=" ">
    <subfield code="a">unmediated</subfield>
    <subfield code="2">rdamedia</subfield>
  </datafield>
  <datafield tag="338" ind1=" " ind2=" ">
    <subfield code="a">volume</subfield>
    <subfield code="2">rdacarrier</subfield>
  </datafield>
  <datafield tag="490" ind1="1" ind2=" ">
    <subfield code="a">Contested boundaries</subfield>
  </datafield>
  <datafield tag="504" ind1=" " ind2=" ">
    <subfield code="a">Includes bibliographical references (pages 223-235) and index.</subfield>
  </datafield>
  <datafield tag="505" ind1="0" ind2=" ">
    <subfield code="a">&quot;I shall be my own man&quot; (1840-1842) -- &quot;Better to make money as a cracker merchant&quot; (1843-1845) -- &quot;Man is born for disappointment&quot; (1845) -- &quot;To transform a &quot;Yankee&quot; to a &quot;Southern cracker&quot;&quot; (1846-1849) -- &quot;Wreathed in perpetual smiles&quot; (1850-1852) -- &quot;Picking steadily along&quot; (1852-1857).</subfield>
  </datafield>
  <datafield tag="520" ind1=" " ind2=" ">
    <subfield code="a">This book uses approximately seventy letters written to family members and business associates to recreate the life of George L. Brown, a northern-born merchant who lived in Newnansville, Florida, 1840-1857. Brown participated in this region&apos;s transformation from a subsistence and herding economy to a cotton economy in the decade before railroads linked Florida to northern markets.</subfield>
  </datafield>
  <datafield tag="600" ind1="1" ind2="0">
    <subfield code="a">Brown, George Long</subfield>
    <subfield code="v">Correspondence.</subfield>
  </datafield>
  <datafield tag="651" ind1=" " ind2="0">
    <subfield code="a">Newnansville (Fla.)</subfield>
    <subfield code="x">History.</subfield>
  </datafield>
  <datafield tag="651" ind1=" " ind2="0">
    <subfield code="a">Alachua County (Fla.)</subfield>
    <subfield code="x">History.</subfield>
  </datafield>
  <datafield tag="700" ind1="1" ind2=" ">
    <subfield code="a">Denham, James M.,</subfield>
    <subfield code="e">editor.</subfield>
  </datafield>
  <datafield tag="700" ind1="1" ind2=" ">
    <subfield code="a">Huneycutt, Keith L.,</subfield>
    <subfield code="d">1956-</subfield>
    <subfield code="e">editor.</subfield>
  </datafield>
  <datafield tag="830" ind1=" " ind2="0">
    <subfield code="a">Contested boundaries.</subfield>
  </datafield>
  <datafield tag="985" ind1=" " ind2=" ">
    <subfield code="a">FUGCIP</subfield>
    <subfield code="d">2018-10-11</subfield>
  </datafield>
</record>