
<record>
  <leader>01817cem a2200373 i 4500</leader>
  <controlfield tag="001">20717160</controlfield>
  <controlfield tag="005">20200102111324.0</controlfield>
  <controlfield tag="007">aj|canzn</controlfield>
  <controlfield tag="008">181023s1849    nyud      a     0   eng  </controlfield>
  <datafield tag="906" ind1=" " ind2=" ">
    <subfield code="a">7</subfield>
    <subfield code="b">cbc</subfield>
    <subfield code="c">orignew</subfield>
    <subfield code="d">u</subfield>
    <subfield code="e">ncip</subfield>
    <subfield code="f">20</subfield>
    <subfield code="g">y-geogmaps</subfield>
  </datafield>
  <datafield tag="925" ind1="0" ind2=" ">
    <subfield code="a">acquire</subfield>
    <subfield code="b">1 shelf copy</subfield>
    <subfield code="x">policy default</subfield>
  </datafield>
  <datafield tag="955" ind1=" " ind2=" ">
    <subfield code="i">ga10 2018-10-23 NEW INPUT sent to CMT;</subfield>
    <subfield code="r">ga10 2019-12-16</subfield>
  </datafield>
  <datafield tag="010" ind1=" " ind2=" ">
    <subfield code="a">  2018590634</subfield>
  </datafield>
  <datafield tag="034" ind1="1" ind2=" ">
    <subfield code="a">a</subfield>
    <subfield code="b">6300000</subfield>
    <subfield code="d">W1250000</subfield>
    <subfield code="e">W0690000</subfield>
    <subfield code="f">N0480000</subfield>
    <subfield code="g">N0240000</subfield>
  </datafield>
  <datafield tag="040" ind1=" " ind2=" ">
    <subfield code="a">DLC</subfield>
    <subfield code="b">eng</subfield>
    <subfield code="c">DLC</subfield>
    <subfield code="e">rda</subfield>
  </datafield>
  <datafield tag="050" ind1="0" ind2="0">
    <subfield code="a">G3700 1849</subfield>
    <subfield code="b">.A83</subfield>
  </datafield>
  <datafield tag="052" ind1=" " ind2=" ">
    <subfield code="a">3700</subfield>
  </datafield>
  <datafield tag="100" ind1="1" ind2=" ">
    <subfield code="a">Atwood, John M.,</subfield>
    <subfield code="d">approximately 1818-,</subfield>
    <subfield code="e">cartographer,</subfield>
    <subfield code="e">engraver.</subfield>
  </datafield>
  <datafield tag="245" ind1="1" ind2="0">
    <subfield code="a">Pictorial map of the United States :</subfield>
    <subfield code="b">1849 /</subfield>
    <subfield code="c">map drawn &amp; engraved by J.M. Atwood, New York.</subfield>
  </datafield>
  <datafield tag="255" ind1=" " ind2=" ">
    <subfield code="a">Scale approximately 1:6,300,000</subfield>
    <subfield code="c">(W 125°--W 69°/N 48°--N 24°).</subfield>
  </datafield>
  <datafield tag="264" ind1=" " ind2="1">
    <subfield code="a">New York :</subfield>
    <subfield code="b">Published by Ensigns &amp; Thayer, 50 Ann Street &amp; no. 12 Exchange St., Buffalo,</subfield>
    <subfield code="c">[1849]</subfield>
  </datafield>
  <datafield tag="300" ind1=" " ind2=" ">
    <subfield code="a">1 map on 2 sheets :</subfield>
    <subfield code="b">hand colored ;</subfield>
    <subfield code="c">47 x 74 cm, on sheets 78 x 51 cm and 78 x 57 cm</subfield>
  </datafield>
  <datafield tag="336" ind1=" " ind2=" ">
    <subfield code="a">cartographic image</subfield>
    <subfield code="b">cri</subfield>
    <subfield code="2">rdacontent</subfield>
  </datafield>
  <datafield tag="337" ind1=" " ind2=" ">
    <subfield code="a">unmediated</subfield>
    <subfield code="b">n</subfield>
    <subfield code="2">rdamedia</subfield>
  </datafield>
  <datafield tag="338" ind1=" " ind2=" ">
    <subfield code="a">sheet</subfield>
    <subfield code="b">nb</subfield>
    <subfield code="2">rdacarrier</subfield>
  </datafield>
  <datafield tag="490" ind1="0" ind2=" ">
    <subfield code="a">[Andrew A. Benton-Herschel V. Jones collection]</subfield>
  </datafield>
  <datafield tag="500" ind1=" " ind2=" ">
    <subfield code="a">Relief shown by hachures.</subfield>
  </datafield>
  <datafield tag="500" ind1=" " ind2=" ">
    <subfield code="a">&quot;Entered according to act of Congress in the year 1847 by Phelps, Ensigns &amp; Thayer ... southern district of New York.&quot;</subfield>
  </datafield>
  <datafield tag="500" ind1=" " ind2=" ">
    <subfield code="a">Includes inset &quot;Map of Mexico&quot;, chart showing the population of the United States by state, illustrations, and 9 historical scenes.</subfield>
  </datafield>
  <datafield tag="500" ind1=" " ind2=" ">
    <subfield code="a">Prime meridians: Washington and Greenwich.</subfield>
  </datafield>
  <datafield tag="500" ind1=" " ind2=" ">
    <subfield code="a">LC copy varnished and mounted on one piece of cloth. Losses along right margin, spotting throughout.</subfield>
    <subfield code="5">DLC</subfield>
  </datafield>
  <datafield tag="651" ind1=" " ind2="0">
    <subfield code="a">United States</subfield>
    <subfield code="v">Maps.</subfield>
  </datafield>
  <datafield tag="655" ind1=" " ind2="7">
    <subfield code="a">Maps.</subfield>
    <subfield code="2">lcgft</subfield>
  </datafield>
  <datafield tag="710" ind1="2" ind2=" ">
    <subfield code="a">Ensigns &amp; Thayer,</subfield>
    <subfield code="e">publisher.</subfield>
  </datafield>
</record>