
<record>
  <leader>03398cam a22004098i 4500</leader>
  <controlfield tag="001">20725224</controlfield>
  <controlfield tag="005">20200102115218.0</controlfield>
  <controlfield tag="008">181013s2018    nyu      b    001 0 eng c</controlfield>
  <datafield tag="906" ind1=" " ind2=" ">
    <subfield code="a">7</subfield>
    <subfield code="b">rip</subfield>
    <subfield code="c">orignew</subfield>
    <subfield code="d">1</subfield>
    <subfield code="e">ecip</subfield>
    <subfield code="f">20</subfield>
    <subfield code="g">y-gencatlg</subfield>
  </datafield>
  <datafield tag="925" ind1="0" ind2=" ">
    <subfield code="a">acquire</subfield>
    <subfield code="b">1 shelf copy</subfield>
    <subfield code="x">policy default</subfield>
  </datafield>
  <datafield tag="955" ind1=" " ind2=" ">
    <subfield code="a">LBSOR</subfield>
    <subfield code="e">re13 2018-11-09 Copy 1 to Dewey</subfield>
    <subfield code="w">re09 201 8-11-15 to CIP</subfield>
  </datafield>
  <datafield tag="010" ind1=" " ind2=" ">
    <subfield code="a">  2018047583</subfield>
  </datafield>
  <datafield tag="020" ind1=" " ind2=" ">
    <subfield code="a">9781603293877 (hardcover : alk. paper)</subfield>
  </datafield>
  <datafield tag="020" ind1=" " ind2=" ">
    <subfield code="a">9781603293884 (pbk. : alk. paper)</subfield>
  </datafield>
  <datafield tag="040" ind1=" " ind2=" ">
    <subfield code="a">LBSOR/DLC</subfield>
    <subfield code="b">eng</subfield>
    <subfield code="c">LBSOR</subfield>
    <subfield code="e">rda</subfield>
    <subfield code="d">DLC</subfield>
  </datafield>
  <datafield tag="042" ind1=" " ind2=" ">
    <subfield code="a">pcc</subfield>
  </datafield>
  <datafield tag="050" ind1="0" ind2="0">
    <subfield code="a">LB2376</subfield>
    <subfield code="b">.S784 2018</subfield>
  </datafield>
  <datafield tag="082" ind1="0" ind2="0">
    <subfield code="a">370.116</subfield>
    <subfield code="2">23</subfield>
  </datafield>
  <datafield tag="245" ind1="0" ind2="0">
    <subfield code="a">Study abroad :</subfield>
    <subfield code="b">traditions and new directions /</subfield>
    <subfield code="c">edited by Miriam Fuchs and Sarita Rai, with Yves Loiseau.</subfield>
  </datafield>
  <datafield tag="263" ind1=" " ind2=" ">
    <subfield code="a">1811</subfield>
  </datafield>
  <datafield tag="264" ind1=" " ind2="1">
    <subfield code="a">New York, New York :</subfield>
    <subfield code="b">The Modern Language Association of America,</subfield>
    <subfield code="c">[2018]</subfield>
  </datafield>
  <datafield tag="300" ind1=" " ind2=" ">
    <subfield code="a">pages cm.</subfield>
  </datafield>
  <datafield tag="336" ind1=" " ind2=" ">
    <subfield code="a">text</subfield>
    <subfield code="2">rdacontent</subfield>
  </datafield>
  <datafield tag="337" ind1=" " ind2=" ">
    <subfield code="a">unmediated</subfield>
    <subfield code="2">rdamedia</subfield>
  </datafield>
  <datafield tag="338" ind1=" " ind2=" ">
    <subfield code="a">volume</subfield>
    <subfield code="2">rdacarrier</subfield>
  </datafield>
  <datafield tag="490" ind1="0" ind2=" ">
    <subfield code="a">Teaching languages, literatures, and cultures series ;</subfield>
    <subfield code="v">5</subfield>
  </datafield>
  <datafield tag="520" ind1=" " ind2=" ">
    <subfield code="a">&quot;Focuses on language learning and cultural studies study abroad programs. Topics include experiential strategies, university-community relations, multicultural awareness in preservice teachers, popular literature, emerging issues, and best practices. Sites of the programs include China, Cuba, France, and South Africa&quot;--</subfield>
    <subfield code="c">Provided by publisher.</subfield>
  </datafield>
  <datafield tag="504" ind1=" " ind2=" ">
    <subfield code="a">Includes bibliographical references and index.</subfield>
  </datafield>
  <datafield tag="505" ind1="0" ind2=" ">
    <subfield code="a">Introduction: contexts and changes in study abroad / Miriam Fuchs and Sarita Rai, with Yves Loiseau -- Overcoming ethnocentrism in research on language learning abroad / Celeste Kinginger -- College-level Mandarin Chinese study abroad pedagogy from an ecological and sociocultural perspective / Li Jin -- The city as the classroom: maximizing learning abroad through language and culture experiential strategies / Tania Convertini -- Developing a service-learning component within a university-based study abroad program: implications for university-community relations / Jose Antonio Torralba -- How study abroad experiences develop multicultural awareness in preservice teachers: an eleven-year multiple case study / Suniti Sharma and JoAnn Phillion -- Active learning through academic travel, research, and collaboration: the arts of medieval and renaissance Britain / Rosanne Fleszar Denhard -- The beloved country: teaching the history and literature of South African apartheid / Mindi McMann -- Expanding the study abroad curriculum: a case study in mathematics / Monique Chyba -- Art (and lies) in Paris: the ethics of popular literature / Miriam Fuchs -- Best practices for planning, developing, and sustaining interdisciplinary language-based study abroad programs / Chad M. Gasta -- Princeton in Cuba: a study abroad program in Havana / Ruben Gallo -- Emerging issues in study abroad / Sarita Rai.</subfield>
  </datafield>
  <datafield tag="650" ind1=" " ind2="0">
    <subfield code="a">Foreign study.</subfield>
  </datafield>
  <datafield tag="650" ind1=" " ind2="0">
    <subfield code="a">American students</subfield>
    <subfield code="z">Foreign countries.</subfield>
  </datafield>
  <datafield tag="700" ind1="1" ind2=" ">
    <subfield code="a">Fuchs, Miriam,</subfield>
    <subfield code="d">1949-</subfield>
    <subfield code="e">editor.</subfield>
  </datafield>
  <datafield tag="700" ind1="1" ind2=" ">
    <subfield code="a">Rai, Sarita,</subfield>
    <subfield code="d">1958-</subfield>
    <subfield code="e">editor.</subfield>
  </datafield>
  <datafield tag="700" ind1="1" ind2=" ">
    <subfield code="a">Loiseau, Yves,</subfield>
    <subfield code="d">1963-</subfield>
    <subfield code="e">editor.</subfield>
  </datafield>
  <datafield tag="776" ind1="0" ind2="8">
    <subfield code="i">Online version:</subfield>
    <subfield code="t">Study abroad</subfield>
    <subfield code="d">New York, New York : The Modern Language Association of America, [2018]</subfield>
    <subfield code="z">9781603293891</subfield>
    <subfield code="w">(DLC) 2018055460</subfield>
  </datafield>
  <datafield tag="963" ind1=" " ind2=" ">
    <subfield code="a">Marcia Henry; phone: 646-576-5042; fax: 646-458-0030; email: mhenry@mla.org; bc: mhenry@mla.org</subfield>
  </datafield>
  <datafield tag="985" ind1=" " ind2=" ">
    <subfield code="a">LBSORCIP</subfield>
    <subfield code="d">2018-10-30</subfield>
  </datafield>
</record>