
<record>
  <leader>02518cam a22003735i 4500</leader>
  <controlfield tag="001">20743636</controlfield>
  <controlfield tag="005">20200102164350.0</controlfield>
  <controlfield tag="008">181114s2017    nju      b    000 0 heb  </controlfield>
  <datafield tag="906" ind1=" " ind2=" ">
    <subfield code="a">0</subfield>
    <subfield code="b">ibc</subfield>
    <subfield code="c">orignew</subfield>
    <subfield code="d">3</subfield>
    <subfield code="e">ncip</subfield>
    <subfield code="f">20</subfield>
    <subfield code="g">y-nonroman</subfield>
  </datafield>
  <datafield tag="925" ind1="0" ind2=" ">
    <subfield code="a">acquire</subfield>
    <subfield code="b">1 shelf copy</subfield>
    <subfield code="x">policy default</subfield>
  </datafield>
  <datafield tag="955" ind1=" " ind2=" ">
    <subfield code="b">cd23 2018-11-14 created IBC;</subfield>
    <subfield code="b">cd23 2018-11-14 added LCCN and Holding and Item records;</subfield>
    <subfield code="a">cd00 2018-11-14 to ASME/IJ;</subfield>
    <subfield code="a">cd22 2019-10-07;</subfield>
    <subfield code="i">cd22 2019-12-31 created UTNAR, to cd01;</subfield>
    <subfield code="r">cd01 2020-01-02 reviewed, returned to cd22</subfield>
  </datafield>
  <datafield tag="010" ind1=" " ind2=" ">
    <subfield code="a">  2018416921</subfield>
  </datafield>
  <datafield tag="040" ind1=" " ind2=" ">
    <subfield code="a">DLC</subfield>
    <subfield code="b">eng</subfield>
    <subfield code="e">rda</subfield>
    <subfield code="c">DLC</subfield>
  </datafield>
  <datafield tag="042" ind1=" " ind2=" ">
    <subfield code="a">pcc</subfield>
  </datafield>
  <datafield tag="050" ind1="0" ind2="0">
    <subfield code="a">BM506.B63</subfield>
    <subfield code="b">M35 2017 +</subfield>
  </datafield>
  <datafield tag="066" ind1=" " ind2=" ">
    <subfield code="c">(2</subfield>
  </datafield>
  <datafield tag="100" ind1="1" ind2=" ">
    <subfield code="6">880-01</subfield>
    <subfield code="a">Makovsky, A. A.,</subfield>
    <subfield code="e">author.</subfield>
  </datafield>
  <datafield tag="880" ind1="1" ind2=" ">
    <subfield code="6">100-01/(2/r‏</subfield>
    <subfield code="a">‏מאקאווסקי, אברהם אשר בן ראובן יוסף.</subfield>
  </datafield>
  <datafield tag="240" ind1="1" ind2="0">
    <subfield code="a">Birkat Reʼuven (Pereḳ Ketsad mevarkhin)</subfield>
  </datafield>
  <datafield tag="245" ind1="1" ind2="0">
    <subfield code="6">880-02</subfield>
    <subfield code="a">Sefer Birkat Reʼuven :</subfield>
    <subfield code="b">ʻal Pereḳ Ketsad mevarkhin : beʼur ṿe-libun shiṭot ha-rishonim ʻal pi seder ha-daf ṿe-divre ha-aḥaronim ṿeha-posḳim ṿe-sikum ha-dinim ha-ʻolim mi-kol sugya ; ṿe-nilṿeh elaṿ Ḳunṭres Shirat Devorah ʻal ʻinyene birkat ha-mitsṿot /</subfield>
    <subfield code="c">me-et Avraham Asher ben a.a.m. ṿe-r. ha-Rav Reʼuven Yosef, sheliṭa, Maḳoṿsḳi.</subfield>
  </datafield>
  <datafield tag="880" ind1="1" ind2="0">
    <subfield code="6">245-02/(2/r‏</subfield>
    <subfield code="a">‏ספר ברכת ראובן :‏</subfield>
    <subfield code="b">‏על פרק כיצד מברכין : ביאור וליבון שיטות הראשונים על פי סדר הדף ודברי האחרונים והפוסקים וסיכום הדינים העולים מכל סוגיא ; ונלוה אליו קונטרס שירת דבורה על עניני ברכת המצוות /‏</subfield>
    <subfield code="c">‏מאת אברהם אשר בן אאמו&quot;ר הרב ראובן יוסף, שליט&quot;א, מאקאווסקי.</subfield>
  </datafield>
  <datafield tag="246" ind1="1" ind2="7">
    <subfield code="6">880-03</subfield>
    <subfield code="a">Birkat Reʼuven</subfield>
  </datafield>
  <datafield tag="880" ind1="1" ind2="7">
    <subfield code="6">246-03/(2/r‏</subfield>
    <subfield code="a">‏ברכת ראובן</subfield>
  </datafield>
  <datafield tag="264" ind1=" " ind2="1">
    <subfield code="6">880-04</subfield>
    <subfield code="a">Leyḳṿud :</subfield>
    <subfield code="b">[Avraham Asher ben Reʼuven Yosef Maḳoṿsḳi],</subfield>
    <subfield code="c">778 [2017 or 2018]</subfield>
  </datafield>
  <datafield tag="880" ind1=" " ind2="1">
    <subfield code="6">264-04/(2/r‏</subfield>
    <subfield code="a">‏לייקוואוד :‏</subfield>
    <subfield code="b">‏[אברהם אשר בן ראובן יוסף מאקאווסקי],‏</subfield>
    <subfield code="c">‏תשע&quot;ח.</subfield>
  </datafield>
  <datafield tag="300" ind1=" " ind2=" ">
    <subfield code="a">6, 268 pages ;</subfield>
    <subfield code="c">26 cm</subfield>
  </datafield>
  <datafield tag="336" ind1=" " ind2=" ">
    <subfield code="a">text</subfield>
    <subfield code="b">txt</subfield>
    <subfield code="2">rdacontent</subfield>
  </datafield>
  <datafield tag="337" ind1=" " ind2=" ">
    <subfield code="a">unmediated</subfield>
    <subfield code="b">n</subfield>
    <subfield code="2">rdamedia</subfield>
  </datafield>
  <datafield tag="338" ind1=" " ind2=" ">
    <subfield code="a">volume</subfield>
    <subfield code="b">nc</subfield>
    <subfield code="2">rdacarrier</subfield>
  </datafield>
  <datafield tag="504" ind1=" " ind2=" ">
    <subfield code="a">Includes bibliographical references.</subfield>
  </datafield>
  <datafield tag="630" ind1="0" ind2="0">
    <subfield code="a">Talmud.</subfield>
    <subfield code="p">Berakhot VI</subfield>
    <subfield code="v">Commentaries.</subfield>
  </datafield>
  <datafield tag="700" ind1="1" ind2="2">
    <subfield code="i">Container of (work):</subfield>
    <subfield code="a">Makovsky, A. A.</subfield>
    <subfield code="t">Shirat Devorah.</subfield>
  </datafield>
  <datafield tag="740" ind1="0" ind2="2">
    <subfield code="6">880-05</subfield>
    <subfield code="a">Ḳunṭres Shirat Devorah.</subfield>
  </datafield>
  <datafield tag="880" ind1="0" ind2="2">
    <subfield code="6">740-05/(2/r‏</subfield>
    <subfield code="a">‏קונטרס שירת דבורה.</subfield>
  </datafield>
</record>