
<record>
  <leader>04281cam a22008895i 4500</leader>
  <controlfield tag="001">20745081</controlfield>
  <controlfield tag="005">20200102133149.0</controlfield>
  <controlfield tag="008">181115t20192019caua   j      001 1 eng d</controlfield>
  <datafield tag="906" ind1=" " ind2=" ">
    <subfield code="a">0</subfield>
    <subfield code="b">ibc</subfield>
    <subfield code="c">copycat</subfield>
    <subfield code="d">2</subfield>
    <subfield code="e">ncip</subfield>
    <subfield code="f">20</subfield>
    <subfield code="g">y-gencatlg</subfield>
  </datafield>
  <datafield tag="925" ind1="0" ind2=" ">
    <subfield code="a">Acquire</subfield>
    <subfield code="b">1 shelf copy</subfield>
    <subfield code="x">policy default</subfield>
  </datafield>
  <datafield tag="955" ind1=" " ind2=" ">
    <subfield code="a">pc22 2018-11-15</subfield>
    <subfield code="b">xk15 2020-01-02 z-processor</subfield>
  </datafield>
  <datafield tag="010" ind1=" " ind2=" ">
    <subfield code="a">  2018964518</subfield>
  </datafield>
  <datafield tag="020" ind1=" " ind2=" ">
    <subfield code="a">9781368001090</subfield>
  </datafield>
  <datafield tag="020" ind1=" " ind2=" ">
    <subfield code="a">1368001092</subfield>
  </datafield>
  <datafield tag="035" ind1=" " ind2=" ">
    <subfield code="a">(OCoLC)on1051136097</subfield>
  </datafield>
  <datafield tag="040" ind1=" " ind2=" ">
    <subfield code="a">YDX</subfield>
    <subfield code="b">eng</subfield>
    <subfield code="c">YDX</subfield>
    <subfield code="e">rda</subfield>
    <subfield code="d">OCLCQ</subfield>
    <subfield code="d">OCP</subfield>
    <subfield code="d">FM0</subfield>
    <subfield code="d">BDX</subfield>
    <subfield code="d">OCLCF</subfield>
    <subfield code="d">CLE</subfield>
    <subfield code="d">SSH</subfield>
    <subfield code="d">OCLCO</subfield>
    <subfield code="d">NYP</subfield>
    <subfield code="d">IMD</subfield>
    <subfield code="d">CQA</subfield>
    <subfield code="d">EHK</subfield>
    <subfield code="d">DLC</subfield>
  </datafield>
  <datafield tag="042" ind1=" " ind2=" ">
    <subfield code="a">lccopycat</subfield>
  </datafield>
  <datafield tag="082" ind1="0" ind2="4">
    <subfield code="a">[E]</subfield>
    <subfield code="2">23</subfield>
  </datafield>
  <datafield tag="097" ind1="0" ind2="0">
    <subfield code="a">PZ5</subfield>
    <subfield code="b">.F532 2019</subfield>
  </datafield>
  <datafield tag="245" ind1="0" ind2="0">
    <subfield code="a">5-minute Disney-Pixar stories.</subfield>
  </datafield>
  <datafield tag="246" ind1="3" ind2=" ">
    <subfield code="a">Five minute Disney-Pixar stories</subfield>
  </datafield>
  <datafield tag="250" ind1=" " ind2=" ">
    <subfield code="a">First hardcover edition.</subfield>
  </datafield>
  <datafield tag="264" ind1=" " ind2="1">
    <subfield code="a">Glendale, California</subfield>
    <subfield code="b">Disney Press,</subfield>
    <subfield code="c">2019.</subfield>
  </datafield>
  <datafield tag="264" ind1=" " ind2="4">
    <subfield code="c">©2019</subfield>
  </datafield>
  <datafield tag="300" ind1=" " ind2=" ">
    <subfield code="a">188 pages :</subfield>
    <subfield code="b">color illustrations ;</subfield>
    <subfield code="c">28 cm</subfield>
  </datafield>
  <datafield tag="336" ind1=" " ind2=" ">
    <subfield code="a">text</subfield>
    <subfield code="b">txt</subfield>
    <subfield code="2">rdacontent</subfield>
  </datafield>
  <datafield tag="336" ind1=" " ind2=" ">
    <subfield code="a">still image</subfield>
    <subfield code="b">sti</subfield>
    <subfield code="2">rdacontent</subfield>
  </datafield>
  <datafield tag="337" ind1=" " ind2=" ">
    <subfield code="a">unmediated</subfield>
    <subfield code="b">n</subfield>
    <subfield code="2">rdamedia</subfield>
  </datafield>
  <datafield tag="338" ind1=" " ind2=" ">
    <subfield code="a">volume</subfield>
    <subfield code="b">nc</subfield>
    <subfield code="2">rdacarrier</subfield>
  </datafield>
  <datafield tag="505" ind1="0" ind2="0">
    <subfield code="t">Toy story 4: A new purpose /</subfield>
    <subfield code="r">Megan Roth --</subfield>
    <subfield code="t">Cars 3: For the love of racing /</subfield>
    <subfield code="r">Bill Scollon --</subfield>
    <subfield code="t">The good dinosaur: Arlo&apos;s birthday adventure /</subfield>
    <subfield code="r">Brooke Vitale --</subfield>
    <subfield code="t">Up: Badge building /</subfield>
    <subfield code="r">Brooke Vitale --</subfield>
    <subfield code="t">Inside out: The Riley and Bing Bong Band /</subfield>
    <subfield code="r">Suzanne Francis --</subfield>
    <subfield code="t">Ratatouille: A delicious duo /</subfield>
    <subfield code="r">Lauren Clauss --</subfield>
    <subfield code="t">Monsters University: Teaming up /</subfield>
    <subfield code="r">Megan Roth --</subfield>
    <subfield code="t">Wall-E: Back on earth /</subfield>
    <subfield code="r">Kelsey Sullivan --</subfield>
    <subfield code="t">Coco: The Rivera Family Band /</subfield>
    <subfield code="r">Angela Dominguez --</subfield>
    <subfield code="t">Brave: Merida&apos;s challenge /</subfield>
    <subfield code="r">Cherie Gosling --</subfield>
    <subfield code="t">Finding Dory: You&apos;re it, Dory! /</subfield>
    <subfield code="r">Lauren Clauss --</subfield>
    <subfield code="t">Incredibles 2: Babysitting mode /</subfield>
    <subfield code="r">Sarah Hernandez.</subfield>
  </datafield>
  <datafield tag="520" ind1=" " ind2=" ">
    <subfield code="a">&quot;Time for adventure! Woody and Buzz, Mike and Sulley, Edna and Jack-Jack, plus more--the gang&apos;s all here! Get ready to play hide-and-seek under the sea with Dory, climb the Crone&apos;s Tooth with Merida and her brothers, fall in love with racing with Lightning McQueen and Cruz Ramirez, and so much more! Each story in this collection is ideal for reading aloud in just five minutes--a perfect fit for bedtime, story time, or any time!&quot;--Back cover.</subfield>
  </datafield>
  <datafield tag="521" ind1="1" ind2=" ">
    <subfield code="a">Ages 3 and up.</subfield>
  </datafield>
  <datafield tag="650" ind1=" " ind2="0">
    <subfield code="a">Toys</subfield>
    <subfield code="v">Juvenile fiction.</subfield>
  </datafield>
  <datafield tag="650" ind1=" " ind2="0">
    <subfield code="a">Automobiles</subfield>
    <subfield code="v">Juvenile fiction.</subfield>
  </datafield>
  <datafield tag="650" ind1=" " ind2="0">
    <subfield code="a">Dinosaurs</subfield>
    <subfield code="v">Juvenile fiction.</subfield>
  </datafield>
  <datafield tag="650" ind1=" " ind2="0">
    <subfield code="a">Friendship</subfield>
    <subfield code="v">Juvenile fiction.</subfield>
  </datafield>
  <datafield tag="650" ind1=" " ind2="0">
    <subfield code="a">Boy Scouts</subfield>
    <subfield code="v">Juvenile fiction.</subfield>
  </datafield>
  <datafield tag="650" ind1=" " ind2="0">
    <subfield code="a">Emotions</subfield>
    <subfield code="v">Juvenile fiction.</subfield>
  </datafield>
  <datafield tag="650" ind1=" " ind2="0">
    <subfield code="a">Rats</subfield>
    <subfield code="v">Juvenile fiction.</subfield>
  </datafield>
  <datafield tag="650" ind1=" " ind2="0">
    <subfield code="a">Monsters</subfield>
    <subfield code="v">Juvenile fiction.</subfield>
  </datafield>
  <datafield tag="650" ind1=" " ind2="0">
    <subfield code="a">Robots</subfield>
    <subfield code="v">Juvenile fiction.</subfield>
  </datafield>
  <datafield tag="650" ind1=" " ind2="0">
    <subfield code="a">Musical groups</subfield>
    <subfield code="v">Juvenile fiction.</subfield>
  </datafield>
  <datafield tag="650" ind1=" " ind2="0">
    <subfield code="a">Princesses</subfield>
    <subfield code="v">Juvenile fiction.</subfield>
  </datafield>
  <datafield tag="650" ind1=" " ind2="0">
    <subfield code="a">Superheroes</subfield>
    <subfield code="v">Juvenile fiction.</subfield>
  </datafield>
  <datafield tag="650" ind1=" " ind2="0">
    <subfield code="a">Fishes</subfield>
    <subfield code="v">Juvenile fiction.</subfield>
  </datafield>
  <datafield tag="655" ind1=" " ind2="0">
    <subfield code="a">Picture books for children.</subfield>
  </datafield>
  <datafield tag="650" ind1=" " ind2="1">
    <subfield code="a">Short stories.</subfield>
  </datafield>
  <datafield tag="650" ind1=" " ind2="7">
    <subfield code="a">Automobiles.</subfield>
    <subfield code="2">fast</subfield>
    <subfield code="0">(OCoLC)fst00823232</subfield>
  </datafield>
  <datafield tag="650" ind1=" " ind2="7">
    <subfield code="a">Boy Scouts.</subfield>
    <subfield code="2">fast</subfield>
    <subfield code="0">(OCoLC)fst00837328</subfield>
  </datafield>
  <datafield tag="650" ind1=" " ind2="7">
    <subfield code="a">Dinosaurs.</subfield>
    <subfield code="2">fast</subfield>
    <subfield code="0">(OCoLC)fst00893996</subfield>
  </datafield>
  <datafield tag="650" ind1=" " ind2="7">
    <subfield code="a">Emotions.</subfield>
    <subfield code="2">fast</subfield>
    <subfield code="0">(OCoLC)fst00908819</subfield>
  </datafield>
  <datafield tag="650" ind1=" " ind2="7">
    <subfield code="a">Fishes.</subfield>
    <subfield code="2">fast</subfield>
    <subfield code="0">(OCoLC)fst00926361</subfield>
  </datafield>
  <datafield tag="650" ind1=" " ind2="7">
    <subfield code="a">Friendship.</subfield>
    <subfield code="2">fast</subfield>
    <subfield code="0">(OCoLC)fst00935174</subfield>
  </datafield>
  <datafield tag="650" ind1=" " ind2="7">
    <subfield code="a">Monsters.</subfield>
    <subfield code="2">fast</subfield>
    <subfield code="0">(OCoLC)fst01025752</subfield>
  </datafield>
  <datafield tag="650" ind1=" " ind2="7">
    <subfield code="a">Musical groups.</subfield>
    <subfield code="2">fast</subfield>
    <subfield code="0">(OCoLC)fst01030722</subfield>
  </datafield>
  <datafield tag="650" ind1=" " ind2="7">
    <subfield code="a">Princesses.</subfield>
    <subfield code="2">fast</subfield>
    <subfield code="0">(OCoLC)fst01076505</subfield>
  </datafield>
  <datafield tag="650" ind1=" " ind2="7">
    <subfield code="a">Rats.</subfield>
    <subfield code="2">fast</subfield>
    <subfield code="0">(OCoLC)fst01090300</subfield>
  </datafield>
  <datafield tag="650" ind1=" " ind2="7">
    <subfield code="a">Robots.</subfield>
    <subfield code="2">fast</subfield>
    <subfield code="0">(OCoLC)fst01099038</subfield>
  </datafield>
  <datafield tag="650" ind1=" " ind2="7">
    <subfield code="a">Short stories.</subfield>
    <subfield code="2">fast</subfield>
    <subfield code="0">(OCoLC)fst01117043</subfield>
  </datafield>
  <datafield tag="650" ind1=" " ind2="7">
    <subfield code="a">Superheroes.</subfield>
    <subfield code="2">fast</subfield>
    <subfield code="0">(OCoLC)fst01765254</subfield>
  </datafield>
  <datafield tag="650" ind1=" " ind2="7">
    <subfield code="a">Toys.</subfield>
    <subfield code="2">fast</subfield>
    <subfield code="0">(OCoLC)fst01153487</subfield>
  </datafield>
  <datafield tag="655" ind1=" " ind2="7">
    <subfield code="a">Fiction.</subfield>
    <subfield code="2">fast</subfield>
    <subfield code="0">(OCoLC)fst01423787</subfield>
  </datafield>
  <datafield tag="655" ind1=" " ind2="7">
    <subfield code="a">Juvenile works.</subfield>
    <subfield code="2">fast</subfield>
    <subfield code="0">(OCoLC)fst01411637</subfield>
  </datafield>
  <datafield tag="655" ind1=" " ind2="7">
    <subfield code="a">Short stories.</subfield>
    <subfield code="2">lcgft</subfield>
  </datafield>
  <datafield tag="655" ind1=" " ind2="7">
    <subfield code="a">Picture books.</subfield>
    <subfield code="2">lcgft</subfield>
  </datafield>
  <datafield tag="730" ind1="0" ind2=" ">
    <subfield code="a">Toy story 4 (Motion picture)</subfield>
  </datafield>
  <datafield tag="730" ind1="0" ind2=" ">
    <subfield code="a">Cars 3 (Motion picture)</subfield>
  </datafield>
  <datafield tag="730" ind1="0" ind2=" ">
    <subfield code="a">Good dinosaur (Motion picture)</subfield>
  </datafield>
  <datafield tag="730" ind1="0" ind2=" ">
    <subfield code="a">Up (Motion picture)</subfield>
  </datafield>
  <datafield tag="730" ind1="0" ind2=" ">
    <subfield code="a">Inside out (Motion picture : 2015)</subfield>
  </datafield>
  <datafield tag="730" ind1="0" ind2=" ">
    <subfield code="a">Ratatouille (Motion picture)</subfield>
  </datafield>
  <datafield tag="730" ind1="0" ind2=" ">
    <subfield code="a">Monsters University (Motion picture)</subfield>
  </datafield>
  <datafield tag="730" ind1="0" ind2=" ">
    <subfield code="a">WALL-E (Motion picture)</subfield>
  </datafield>
  <datafield tag="730" ind1="0" ind2=" ">
    <subfield code="a">Coco (Motion picture)</subfield>
  </datafield>
  <datafield tag="730" ind1="0" ind2=" ">
    <subfield code="a">Brave (Motion picture)</subfield>
  </datafield>
  <datafield tag="730" ind1="0" ind2=" ">
    <subfield code="a">Finding Dory (Motion picture)</subfield>
  </datafield>
  <datafield tag="730" ind1="0" ind2=" ">
    <subfield code="a">Incredibles 2 (Motion picture)</subfield>
  </datafield>
</record>