
<record>
  <leader>02017cam a2200337 i 4500</leader>
  <controlfield tag="001">20750648</controlfield>
  <controlfield tag="005">20200102091036.0</controlfield>
  <controlfield tag="008">181120s2019    nyuab    b    001 0 eng  </controlfield>
  <datafield tag="906" ind1=" " ind2=" ">
    <subfield code="a">7</subfield>
    <subfield code="b">cbc</subfield>
    <subfield code="c">orignew</subfield>
    <subfield code="d">1</subfield>
    <subfield code="e">ecip</subfield>
    <subfield code="f">20</subfield>
    <subfield code="g">y-gencatlg</subfield>
  </datafield>
  <datafield tag="925" ind1="0" ind2=" ">
    <subfield code="a">acquire</subfield>
    <subfield code="b">1 shelf copy</subfield>
    <subfield code="x">policy default</subfield>
  </datafield>
  <datafield tag="955" ind1=" " ind2=" ">
    <subfield code="b">xg08 2018-11-20</subfield>
    <subfield code="c">xg08 2018-11-20 to Soc.Sci. to class in HV (reclass of first edition required)</subfield>
    <subfield code="e">rm06 2018-12-13</subfield>
    <subfield code="w">xm06 2019-01-02</subfield>
    <subfield code="i">rm14 2019-12-13</subfield>
    <subfield code="e">rm14 2020-01-02 (to Dewey)</subfield>
  </datafield>
  <datafield tag="010" ind1=" " ind2=" ">
    <subfield code="a">  2018052430</subfield>
  </datafield>
  <datafield tag="020" ind1=" " ind2=" ">
    <subfield code="a">9781543800241</subfield>
    <subfield code="q">(perfectbound)</subfield>
  </datafield>
  <datafield tag="040" ind1=" " ind2=" ">
    <subfield code="a">DLC</subfield>
    <subfield code="b">eng</subfield>
    <subfield code="e">rda</subfield>
    <subfield code="c">DLC</subfield>
  </datafield>
  <datafield tag="042" ind1=" " ind2=" ">
    <subfield code="a">pcc</subfield>
  </datafield>
  <datafield tag="043" ind1=" " ind2=" ">
    <subfield code="a">n-us---</subfield>
  </datafield>
  <datafield tag="050" ind1="0" ind2="0">
    <subfield code="a">HV9950</subfield>
    <subfield code="b">.W57 2019</subfield>
  </datafield>
  <datafield tag="082" ind1="0" ind2="0">
    <subfield code="a">364.973</subfield>
    <subfield code="2">23</subfield>
  </datafield>
  <datafield tag="100" ind1="1" ind2=" ">
    <subfield code="a">Winfree, L. Thomas,</subfield>
    <subfield code="c">Jr.,</subfield>
    <subfield code="d">1946-</subfield>
    <subfield code="e">author.</subfield>
  </datafield>
  <datafield tag="245" ind1="1" ind2="0">
    <subfield code="a">Introduction to criminal justice :</subfield>
    <subfield code="b">the essentials /</subfield>
    <subfield code="c">L. Thomas Winfree, Jr., Professor Emeritus, New Mexico State University, G. Larry Mays, Regents Professor Emeritus, New Mexico State University, Leanne Fiftal Alarid, Professor, Criminal Justice, University of Texas at El Paso.</subfield>
  </datafield>
  <datafield tag="250" ind1=" " ind2=" ">
    <subfield code="a">Second edition.</subfield>
  </datafield>
  <datafield tag="264" ind1=" " ind2="1">
    <subfield code="a">New York :</subfield>
    <subfield code="b">Wolters Kluwer,</subfield>
    <subfield code="c">[2019]</subfield>
  </datafield>
  <datafield tag="300" ind1=" " ind2=" ">
    <subfield code="a">xxix, 445 pages :</subfield>
    <subfield code="b">illustrations (some color), maps ;</subfield>
    <subfield code="c">26 cm</subfield>
  </datafield>
  <datafield tag="336" ind1=" " ind2=" ">
    <subfield code="a">text</subfield>
    <subfield code="b">txt</subfield>
    <subfield code="2">rdacontent</subfield>
  </datafield>
  <datafield tag="337" ind1=" " ind2=" ">
    <subfield code="a">unmediated</subfield>
    <subfield code="b">n</subfield>
    <subfield code="2">rdamedia</subfield>
  </datafield>
  <datafield tag="338" ind1=" " ind2=" ">
    <subfield code="a">volume</subfield>
    <subfield code="b">nc</subfield>
    <subfield code="2">rdacarrier</subfield>
  </datafield>
  <datafield tag="504" ind1=" " ind2=" ">
    <subfield code="a">Includes bibliographical references (pages 401-423) and index.</subfield>
  </datafield>
  <datafield tag="505" ind1="0" ind2=" ">
    <subfield code="a">Criminal justice : an overview -- Defining and reporting crime -- Criminal law and the legal environment -- An introduction to policing -- U.S. law enforcement agencies -- Issues in law enforcement -- Local, state, and federal courts -- Trials and trial procedures -- Issues in the judiciary -- Probation and community corrections -- Institutional corrections -- Living and working in prison -- Issues in corrections -- The future of criminal justice : making sense of it all.</subfield>
  </datafield>
  <datafield tag="650" ind1=" " ind2="0">
    <subfield code="a">Criminal justice, Administration of</subfield>
    <subfield code="z">United States.</subfield>
  </datafield>
  <datafield tag="700" ind1="1" ind2=" ">
    <subfield code="a">Mays, G. Larry,</subfield>
    <subfield code="e">author.</subfield>
  </datafield>
  <datafield tag="700" ind1="1" ind2=" ">
    <subfield code="a">Alarid, Leanne Fiftal,</subfield>
    <subfield code="d">1967-</subfield>
    <subfield code="e">author.</subfield>
  </datafield>
</record>