
<record>
  <leader>02995cam a2200385 i 4500</leader>
  <controlfield tag="001">20755030</controlfield>
  <controlfield tag="005">20200102174430.0</controlfield>
  <controlfield tag="008">181023s2019    nyu      b   s001 0 eng c</controlfield>
  <datafield tag="906" ind1=" " ind2=" ">
    <subfield code="a">7</subfield>
    <subfield code="b">cbc</subfield>
    <subfield code="c">orignew</subfield>
    <subfield code="d">1</subfield>
    <subfield code="e">ecip</subfield>
    <subfield code="f">20</subfield>
    <subfield code="g">y-gencatlg</subfield>
  </datafield>
  <datafield tag="925" ind1="0" ind2=" ">
    <subfield code="a">acquire</subfield>
    <subfield code="b">1 shelf copy</subfield>
    <subfield code="x">policy default</subfield>
  </datafield>
  <datafield tag="955" ind1=" " ind2=" ">
    <subfield code="a">LBSOR</subfield>
    <subfield code="e">re12 2019-03-01 to Dewey</subfield>
    <subfield code="w">re09 2019-03-04 to CIP</subfield>
    <subfield code="a">xn11 2019-12-04 1 copy rec&apos;d., to CIP ver.</subfield>
    <subfield code="f">re24 2019-12-12 to CALM</subfield>
  </datafield>
  <datafield tag="010" ind1=" " ind2=" ">
    <subfield code="a">  2018033283</subfield>
  </datafield>
  <datafield tag="020" ind1=" " ind2=" ">
    <subfield code="a">9781438474670 (hardcover ; alk. paper)</subfield>
  </datafield>
  <datafield tag="020" ind1=" " ind2=" ">
    <subfield code="z">9781438474694 (e-book)</subfield>
  </datafield>
  <datafield tag="040" ind1=" " ind2=" ">
    <subfield code="a">LBSOR/DLC</subfield>
    <subfield code="b">eng</subfield>
    <subfield code="c">LBSOR</subfield>
    <subfield code="e">rda</subfield>
  </datafield>
  <datafield tag="042" ind1=" " ind2=" ">
    <subfield code="a">pcc</subfield>
  </datafield>
  <datafield tag="043" ind1=" " ind2=" ">
    <subfield code="a">n-us-ny</subfield>
  </datafield>
  <datafield tag="050" ind1="0" ind2="0">
    <subfield code="a">LB2335.865.U6</subfield>
    <subfield code="b">D74 2019</subfield>
  </datafield>
  <datafield tag="082" ind1="0" ind2="0">
    <subfield code="a">331.88113781209747</subfield>
    <subfield code="2">23</subfield>
  </datafield>
  <datafield tag="100" ind1="1" ind2=" ">
    <subfield code="a">Drescher, Nuala McGann,</subfield>
    <subfield code="e">author.</subfield>
  </datafield>
  <datafield tag="245" ind1="1" ind2="0">
    <subfield code="a">United University Professions :</subfield>
    <subfield code="b">pioneering in higher education unionism /</subfield>
    <subfield code="c">Nuala McGann Drescher, William E. Scheuerman, and Ivan D. Steen.</subfield>
  </datafield>
  <datafield tag="264" ind1=" " ind2="1">
    <subfield code="a">Albany :</subfield>
    <subfield code="b">SUNY Press,</subfield>
    <subfield code="c">[2019]</subfield>
  </datafield>
  <datafield tag="300" ind1=" " ind2=" ">
    <subfield code="a">xvi, 307 pages ;</subfield>
    <subfield code="c">24 cm</subfield>
  </datafield>
  <datafield tag="336" ind1=" " ind2=" ">
    <subfield code="a">text</subfield>
    <subfield code="2">rdacontent</subfield>
  </datafield>
  <datafield tag="337" ind1=" " ind2=" ">
    <subfield code="a">unmediated</subfield>
    <subfield code="2">rdamedia</subfield>
  </datafield>
  <datafield tag="338" ind1=" " ind2=" ">
    <subfield code="a">volume</subfield>
    <subfield code="2">rdacarrier</subfield>
  </datafield>
  <datafield tag="520" ind1=" " ind2=" ">
    <subfield code="a">&quot;Public education, from pre-K through higher education, and labor unions, particularly those representing public sector workers, are today under attack from those who question the very need to have such basic institutions. United University Professions: Pioneering Higher Education Unionism is a history of United University Professions (UUP), which grew from humble beginnings to become the nation&apos;s largest higher education union representing some 35,000 academic and professional staff within the State University of New York (SUNY) system. Authors Nuala McGann Drescher, William E. Scheuerman, William Ivan D. Steen chronicle how UUP built upon its early accomplishments at the bargaining table and in the political arena to become a national leader in the struggle to preserve academic freedom and the institution of tenure, the bedrock of academic freedom. More broadly, they argue, UUP in microcosm confirms the importance of unionization not only for the members it represents, but to core American values and American democracy itself&quot;--</subfield>
    <subfield code="c">Provided by publisher.</subfield>
  </datafield>
  <datafield tag="504" ind1=" " ind2=" ">
    <subfield code="a">Includes bibliographical references and index.</subfield>
  </datafield>
  <datafield tag="505" ind1="0" ind2=" ">
    <subfield code="a">The State University of New York prior to unionization -- The right to bargain collectively, 1967-73 -- The emergence of United University Professions, 1973-81 -- Organizational structure, internal disagreement, innovation and growth, 1981-87 -- Expanding the role of UUP, 1987-93 -- UUP matures: part I, 1993-2001 -- UUP matures: part II, 2001-2007 -- New challenges and future prospects.</subfield>
  </datafield>
  <datafield tag="610" ind1="2" ind2="0">
    <subfield code="a">United University Professions (Association : N.Y.)</subfield>
    <subfield code="x">History.</subfield>
  </datafield>
  <datafield tag="650" ind1=" " ind2="0">
    <subfield code="a">Universities and colleges</subfield>
    <subfield code="x">Employees</subfield>
    <subfield code="x">Labor unions</subfield>
    <subfield code="z">New York (State)</subfield>
    <subfield code="x">History.</subfield>
  </datafield>
  <datafield tag="650" ind1=" " ind2="0">
    <subfield code="a">College teachers&apos; unions</subfield>
    <subfield code="z">New York (State)</subfield>
    <subfield code="x">History.</subfield>
  </datafield>
  <datafield tag="700" ind1="1" ind2=" ">
    <subfield code="a">Scheuerman, William,</subfield>
    <subfield code="e">author.</subfield>
  </datafield>
  <datafield tag="700" ind1="1" ind2=" ">
    <subfield code="a">Steen, Ivan D.,</subfield>
    <subfield code="d">1936-</subfield>
    <subfield code="e">author.</subfield>
  </datafield>
  <datafield tag="985" ind1=" " ind2=" ">
    <subfield code="a">LBSORCIP</subfield>
    <subfield code="d">2018-11-26</subfield>
  </datafield>
</record>