
<record>
  <leader>04154cam a2200421 i 4500</leader>
  <controlfield tag="001">20771763</controlfield>
  <controlfield tag="005">20200102145309.0</controlfield>
  <controlfield tag="008">181207s2019    nbua     b   s001 0 eng  </controlfield>
  <datafield tag="906" ind1=" " ind2=" ">
    <subfield code="a">7</subfield>
    <subfield code="b">cbc</subfield>
    <subfield code="c">orignew</subfield>
    <subfield code="d">1</subfield>
    <subfield code="e">ecip</subfield>
    <subfield code="f">20</subfield>
    <subfield code="g">y-gencatlg</subfield>
  </datafield>
  <datafield tag="925" ind1="0" ind2=" ">
    <subfield code="a">acquire</subfield>
    <subfield code="b">1 shelf copy</subfield>
    <subfield code="x">policy default</subfield>
  </datafield>
  <datafield tag="955" ind1=" " ind2=" ">
    <subfield code="b">re23 2018-12-07</subfield>
    <subfield code="i">re23 2018-12-07 ONIX (telework) to Dewey</subfield>
    <subfield code="w">xm06 2018-12-08</subfield>
    <subfield code="a">xn11 2019-07-09 1 copy rec&apos;d., to CIP ver.</subfield>
    <subfield code="a">rk20 2019-07-16 book received in ART</subfield>
    <subfield code="f">rk24 2020-01-02 to CALM</subfield>
  </datafield>
  <datafield tag="010" ind1=" " ind2=" ">
    <subfield code="a">  2018056227</subfield>
  </datafield>
  <datafield tag="020" ind1=" " ind2=" ">
    <subfield code="a">9781640120860</subfield>
    <subfield code="q">(hardback ;</subfield>
    <subfield code="q">alk. paper)</subfield>
  </datafield>
  <datafield tag="020" ind1=" " ind2=" ">
    <subfield code="a">9781640122109</subfield>
    <subfield code="q">(pdf)</subfield>
  </datafield>
  <datafield tag="020" ind1=" " ind2=" ">
    <subfield code="z">9781640122086</subfield>
    <subfield code="q">(epub)</subfield>
  </datafield>
  <datafield tag="020" ind1=" " ind2=" ">
    <subfield code="z">9781640122093</subfield>
    <subfield code="q">(mobi)</subfield>
  </datafield>
  <datafield tag="040" ind1=" " ind2=" ">
    <subfield code="a">DLC</subfield>
    <subfield code="b">eng</subfield>
    <subfield code="e">rda</subfield>
    <subfield code="c">DLC</subfield>
    <subfield code="d">DLC</subfield>
  </datafield>
  <datafield tag="042" ind1=" " ind2=" ">
    <subfield code="a">pcc</subfield>
  </datafield>
  <datafield tag="043" ind1=" " ind2=" ">
    <subfield code="a">n-us---</subfield>
  </datafield>
  <datafield tag="050" ind1="0" ind2="0">
    <subfield code="a">T21</subfield>
    <subfield code="b">.S75 2019</subfield>
  </datafield>
  <datafield tag="082" ind1="0" ind2="0">
    <subfield code="a">355/.033073</subfield>
    <subfield code="2">23</subfield>
  </datafield>
  <datafield tag="084" ind1=" " ind2=" ">
    <subfield code="a">POL030000</subfield>
    <subfield code="a">POL012000</subfield>
    <subfield code="2">bisacsh</subfield>
  </datafield>
  <datafield tag="100" ind1="1" ind2=" ">
    <subfield code="a">Srivastava, Tina P.,</subfield>
    <subfield code="e">author.</subfield>
  </datafield>
  <datafield tag="245" ind1="1" ind2="0">
    <subfield code="a">Innovating in a secret world :</subfield>
    <subfield code="b">the future of national security and global leadership /</subfield>
    <subfield code="c">Tina P. Srivastava.</subfield>
  </datafield>
  <datafield tag="264" ind1=" " ind2="1">
    <subfield code="a">[Lincoln] :</subfield>
    <subfield code="b">Potomac Books, An imprint of the University of Nebraska Press,</subfield>
    <subfield code="c">[2019]</subfield>
  </datafield>
  <datafield tag="300" ind1=" " ind2=" ">
    <subfield code="a">xii, 186 pages :</subfield>
    <subfield code="b">illustrations ;</subfield>
    <subfield code="c">24 cm</subfield>
  </datafield>
  <datafield tag="336" ind1=" " ind2=" ">
    <subfield code="a">text</subfield>
    <subfield code="b">txt</subfield>
    <subfield code="2">rdacontent</subfield>
  </datafield>
  <datafield tag="337" ind1=" " ind2=" ">
    <subfield code="a">unmediated</subfield>
    <subfield code="b">n</subfield>
    <subfield code="2">rdamedia</subfield>
  </datafield>
  <datafield tag="338" ind1=" " ind2=" ">
    <subfield code="a">volume</subfield>
    <subfield code="b">nc</subfield>
    <subfield code="2">rdacarrier</subfield>
  </datafield>
  <datafield tag="520" ind1=" " ind2=" ">
    <subfield code="a">&quot;Our national security increasingly depends on access to the most sophisticated and advanced technology. Yet the next time we set out to capture a terrorist leader, we may fail. Why? The answer lies in a conflict between two worlds. One is the dynamic, global, commercial world with its thriving innovations. The other is the world of national security, in which innovation is a matter of life or death. The conflict is about secrecy. Innovating in a Secret World is a detailed examination of the U.S. government and innovation landscapes and of the current trends in often secret national security-related research and development (R&amp;D). Based on case studies, detailed research, and interviews with executives at Fortune 500s, startup entrepreneurs, and military directors and program managers, this accessible and timely book is a must-read. Tina P. Srivastava evaluates whether the strategy of technology innovation in the world of national security unintentionally leaves certain innovations behind or unintentionally precludes certain classes of innovators from participating. She identifies the unintended consequences and emergent behaviors of this conflict. This examination unfolds in a complex, dynamic system that includes the legal framework in which technology innovation must exist. For more than a decade Srivastava has been on the front lines of cutting-edge technology innovation. She suggests focusing on an emerging class of R&amp;D strategy called &quot;open innovation&quot;--a strategy that broadens participation in innovation beyond an individual organization or division traditionally assigned to perform R&amp;D activities. Through compelling stories of commercial and early government applications, she shows how open technology innovation strategies can enable, accelerate, and enhance technology innovation. Successful incorporation of open innovation into the previously closed U.S. government R&amp;D landscape can yield profound benefits to both national security and global leadership.&quot;--</subfield>
    <subfield code="c">Provided by publisher.</subfield>
  </datafield>
  <datafield tag="504" ind1=" " ind2=" ">
    <subfield code="a">Includes bibliographical references (pages 155-175) and index.</subfield>
  </datafield>
  <datafield tag="505" ind1="8" ind2=" ">
    <subfield code="a">The emergence of open innovation -- The world of secret U.S. Government R&amp;D -- Success and failure in secret U.S. Government technology innovation -- Practical consequences and perverse incentives -- Secrecy verus open innovation --The incentives for Innovation -- The path to long-term improvement.</subfield>
  </datafield>
  <datafield tag="650" ind1=" " ind2="0">
    <subfield code="a">Technology and state</subfield>
    <subfield code="z">United States.</subfield>
  </datafield>
  <datafield tag="650" ind1=" " ind2="0">
    <subfield code="a">National security</subfield>
    <subfield code="x">Technological innovations</subfield>
    <subfield code="z">United States.</subfield>
  </datafield>
  <datafield tag="650" ind1=" " ind2="0">
    <subfield code="a">Intelligence service</subfield>
    <subfield code="x">Technological innovations</subfield>
    <subfield code="z">United States.</subfield>
  </datafield>
  <datafield tag="650" ind1=" " ind2="0">
    <subfield code="a">Public-private sector cooperation</subfield>
    <subfield code="z">United States.</subfield>
  </datafield>
  <datafield tag="650" ind1=" " ind2="7">
    <subfield code="a">POLITICAL SCIENCE / Government / National.</subfield>
    <subfield code="2">bisacsh</subfield>
  </datafield>
  <datafield tag="650" ind1=" " ind2="7">
    <subfield code="a">POLITICAL SCIENCE / Political Freedom &amp; Security / International Security.</subfield>
    <subfield code="2">bisacsh</subfield>
  </datafield>
</record>