
<record>
  <leader>02334cam a2200373 i 4500</leader>
  <controlfield tag="001">20773537</controlfield>
  <controlfield tag="005">20200102080452.0</controlfield>
  <controlfield tag="008">180928s2019    maua     b    001 0 eng c</controlfield>
  <datafield tag="906" ind1=" " ind2=" ">
    <subfield code="a">7</subfield>
    <subfield code="b">cbc</subfield>
    <subfield code="c">orignew</subfield>
    <subfield code="d">1</subfield>
    <subfield code="e">ecip</subfield>
    <subfield code="f">20</subfield>
    <subfield code="g">y-gencatlg</subfield>
  </datafield>
  <datafield tag="925" ind1="0" ind2=" ">
    <subfield code="a">acquire</subfield>
    <subfield code="b">1 shelf copy</subfield>
    <subfield code="x">policy default</subfield>
  </datafield>
  <datafield tag="955" ind1=" " ind2=" ">
    <subfield code="a">MH</subfield>
    <subfield code="e">rl09 2019-01-08 ; to Dewey</subfield>
    <subfield code="w">xm08 2019-01-08</subfield>
    <subfield code="a">xn11 2019-06-04 1 copy rec&apos;d., to CIP ver.</subfield>
    <subfield code="a">rl00 2019-06-10 to SMA</subfield>
    <subfield code="f">rl02 2019-06-13 to CALM</subfield>
  </datafield>
  <datafield tag="010" ind1=" " ind2=" ">
    <subfield code="a">  2018046433</subfield>
  </datafield>
  <datafield tag="020" ind1=" " ind2=" ">
    <subfield code="a">9780674980556</subfield>
    <subfield code="q">(hardcover : alk. paper)</subfield>
  </datafield>
  <datafield tag="040" ind1=" " ind2=" ">
    <subfield code="a">MH/DLC</subfield>
    <subfield code="b">eng</subfield>
    <subfield code="c">MH</subfield>
    <subfield code="e">rda</subfield>
    <subfield code="d">DLC</subfield>
  </datafield>
  <datafield tag="042" ind1=" " ind2=" ">
    <subfield code="a">pcc</subfield>
  </datafield>
  <datafield tag="050" ind1="0" ind2="0">
    <subfield code="a">QP401</subfield>
    <subfield code="b">.A76 2019</subfield>
  </datafield>
  <datafield tag="082" ind1="0" ind2="0">
    <subfield code="a">612.8/232</subfield>
    <subfield code="2">23</subfield>
  </datafield>
  <datafield tag="100" ind1="1" ind2=" ">
    <subfield code="a">Asma, Stephen T.,</subfield>
    <subfield code="e">author.</subfield>
  </datafield>
  <datafield tag="245" ind1="1" ind2="4">
    <subfield code="a">The emotional mind :</subfield>
    <subfield code="b">the affective roots of culture and cognition /</subfield>
    <subfield code="c">Stephen T. Asma, Rami Gabriel.</subfield>
  </datafield>
  <datafield tag="264" ind1=" " ind2="1">
    <subfield code="a">Cambridge, Massachusetts :</subfield>
    <subfield code="b">Harvard University Press,</subfield>
    <subfield code="c">2019.</subfield>
  </datafield>
  <datafield tag="300" ind1=" " ind2=" ">
    <subfield code="a">429 pages :</subfield>
    <subfield code="b">illustrations ;</subfield>
    <subfield code="c">25 cm</subfield>
  </datafield>
  <datafield tag="336" ind1=" " ind2=" ">
    <subfield code="a">text</subfield>
    <subfield code="2">rdacontent</subfield>
  </datafield>
  <datafield tag="337" ind1=" " ind2=" ">
    <subfield code="a">unmediated</subfield>
    <subfield code="2">rdamedia</subfield>
  </datafield>
  <datafield tag="338" ind1=" " ind2=" ">
    <subfield code="a">volume</subfield>
    <subfield code="2">rdacarrier</subfield>
  </datafield>
  <datafield tag="520" ind1=" " ind2=" ">
    <subfield code="a">The Emotional Mind argues for the centrality of emotions in the evolution of the human mind (and our primate cousins). The authors triangulate insights and data from philosophy, biology, and psychology to shape a new research program. While impressive research has been emerging in disparate fields like neuroethology, ecological psychology, evolution of culture, enactive psychology, and philosophy of biology, no one has yet characterized an affective paradigm that draws together these data and projects a fruitful way forward. The Emotional Mind attempts to provide such a conceptual roadmap.--</subfield>
    <subfield code="c">Provided by publisher</subfield>
  </datafield>
  <datafield tag="504" ind1=" " ind2=" ">
    <subfield code="a">Includes bibliographical references and index.</subfield>
  </datafield>
  <datafield tag="505" ind1="0" ind2=" ">
    <subfield code="a">Why a new paradigm? -- Biological aboutness: reassessing teleology -- Social intelligence from the ground up -- Emotional flexibility and the evolution of bio-culture -- The ontogeny of social intelligence -- Representation and imagination -- Language and concepts -- Affect in cultural evolution: the social structure of civilization -- Religion, mythology, and art.</subfield>
  </datafield>
  <datafield tag="650" ind1=" " ind2="0">
    <subfield code="a">Emotions.</subfield>
  </datafield>
  <datafield tag="650" ind1=" " ind2="0">
    <subfield code="a">Human evolution.</subfield>
  </datafield>
  <datafield tag="650" ind1=" " ind2="0">
    <subfield code="a">Emotions and cognition.</subfield>
  </datafield>
  <datafield tag="650" ind1=" " ind2="0">
    <subfield code="a">Social evolution.</subfield>
  </datafield>
  <datafield tag="650" ind1=" " ind2="0">
    <subfield code="a">Evolutionary psychology.</subfield>
  </datafield>
  <datafield tag="700" ind1="1" ind2=" ">
    <subfield code="a">Gabriel, Rami,</subfield>
    <subfield code="e">author.</subfield>
  </datafield>
  <datafield tag="985" ind1=" " ind2=" ">
    <subfield code="a">MHCIP</subfield>
    <subfield code="d">2018-12-10</subfield>
  </datafield>
</record>