
<record>
  <leader>01476cam a22002771  4500</leader>
  <controlfield tag="001">20810651</controlfield>
  <controlfield tag="005">20200102091843.0</controlfield>
  <controlfield tag="008">830715s1530    xx            000 0 lat  </controlfield>
  <datafield tag="906" ind1=" " ind2=" ">
    <subfield code="a">0</subfield>
    <subfield code="b">und</subfield>
    <subfield code="c">premver</subfield>
    <subfield code="d">u</subfield>
    <subfield code="e">ncip</subfield>
    <subfield code="f">19</subfield>
    <subfield code="g">y-genrareb</subfield>
  </datafield>
  <datafield tag="010" ind1=" " ind2=" ">
    <subfield code="a">   09002822 </subfield>
  </datafield>
  <datafield tag="040" ind1=" " ind2=" ">
    <subfield code="a">DLC</subfield>
    <subfield code="b">eng</subfield>
    <subfield code="c">DLC</subfield>
    <subfield code="d">DLC</subfield>
  </datafield>
  <datafield tag="050" ind1="0" ind2="0">
    <subfield code="a">BX1756.V64</subfield>
    <subfield code="b">S4</subfield>
  </datafield>
  <datafield tag="100" ind1="1" ind2=" ">
    <subfield code="a">Vincent Ferrer,</subfield>
    <subfield code="c">Saint,</subfield>
    <subfield code="d">approximately 1350-1419.</subfield>
  </datafield>
  <datafield tag="245" ind1="1" ind2="0">
    <subfield code="a">Sermones Sancti Vincentij. Beati Vince[n]tij natione Hispani : [per]fessione sacri Predicatoru[m] ordinis : theologiq[ue] doctoris : [et] eua[n]gelice doctrine p̃dicatoris : celebratissimi sermones hyemales : cum eorum indice luculentissimo. [par.] Hanc aute[m] impressionem prioribus facit opulentiore[m] [et] recognitio diligentior : [et] adiecta nuper ipsi[bus] autoris vita : qua[m] ex varijis collecta[m] scriptoribus in seque[n]ti pagella legito ...</subfield>
  </datafield>
  <datafield tag="260" ind1=" " ind2=" ">
    <subfield code="a">[n. p.]</subfield>
    <subfield code="c">1530.</subfield>
  </datafield>
  <datafield tag="300" ind1=" " ind2=" ">
    <subfield code="a">11 p. l., 230+ numb. l.</subfield>
    <subfield code="c">19 cm.</subfield>
  </datafield>
  <datafield tag="500" ind1=" " ind2=" ">
    <subfield code="a">Title in red and black; black letter.</subfield>
  </datafield>
  <datafield tag="500" ind1=" " ind2=" ">
    <subfield code="a">Imperfect.</subfield>
    <subfield code="5">DLC</subfield>
  </datafield>
  <datafield tag="650" ind1=" " ind2="0">
    <subfield code="a">Church year sermons.</subfield>
  </datafield>
  <datafield tag="650" ind1=" " ind2="0">
    <subfield code="a">Catholic Church</subfield>
    <subfield code="v">Sermons.</subfield>
  </datafield>
  <datafield tag="650" ind1=" " ind2="0">
    <subfield code="a">Sermons, Latin</subfield>
  </datafield>
  <datafield tag="952" ind1=" " ind2=" ">
    <subfield code="a">LAC brd 2019-01-15 create (1 card)</subfield>
  </datafield>
  <datafield tag="952" ind1=" " ind2=" ">
    <subfield code="a">td06 2019-01-25 100 from NAR (Typo in name gave it as Vinventius Ferrerius, Saint, 1350 (ca)-1419; General shelflist confirms LCCN but gives 050 as BX1756.V65 $b S4</subfield>
  </datafield>
  <datafield tag="984" ind1=" " ind2=" ">
    <subfield code="a">rsl</subfield>
    <subfield code="d">2019-01-15</subfield>
  </datafield>
  <datafield tag="985" ind1=" " ind2=" ">
    <subfield code="a">rblacfederal</subfield>
    <subfield code="d">20190115</subfield>
  </datafield>
  <datafield tag="987" ind1=" " ind2=" ">
    <subfield code="b">RBSCDRECON</subfield>
    <subfield code="c">20190115</subfield>
    <subfield code="d">r</subfield>
    <subfield code="f">AUHTORITY WORK NEEDED; EARLY PRINTER</subfield>
  </datafield>
</record>