
<record>
  <leader>05245cem a2200685 i 4500</leader>
  <controlfield tag="001">20823656</controlfield>
  <controlfield tag="005">20200102164836.0</controlfield>
  <controlfield tag="007">ad canzn</controlfield>
  <controlfield tag="008">190124s2017    cc cg     e     0   chi  </controlfield>
  <datafield tag="906" ind1=" " ind2=" ">
    <subfield code="a">7</subfield>
    <subfield code="b">cbc</subfield>
    <subfield code="c">orignew</subfield>
    <subfield code="d">3</subfield>
    <subfield code="e">ncip</subfield>
    <subfield code="f">20</subfield>
    <subfield code="g">y-geogmaps</subfield>
  </datafield>
  <datafield tag="925" ind1="0" ind2=" ">
    <subfield code="a">acquire</subfield>
    <subfield code="b">1 shelf copy</subfield>
    <subfield code="x">policy default</subfield>
  </datafield>
  <datafield tag="955" ind1=" " ind2=" ">
    <subfield code="a">CNP 2019-01-24 to G&amp;M</subfield>
    <subfield code="i">ga37 2019-05-17 sent to CMT</subfield>
  </datafield>
  <datafield tag="010" ind1=" " ind2=" ">
    <subfield code="a">  2018480565</subfield>
  </datafield>
  <datafield tag="020" ind1=" " ind2=" ">
    <subfield code="a">9787116096073</subfield>
  </datafield>
  <datafield tag="020" ind1=" " ind2=" ">
    <subfield code="a">7116096078</subfield>
  </datafield>
  <datafield tag="034" ind1="1" ind2=" ">
    <subfield code="a">a</subfield>
    <subfield code="b">1500000</subfield>
  </datafield>
  <datafield tag="035" ind1=" " ind2=" ">
    <subfield code="a">(OCoLC)on1083260208</subfield>
  </datafield>
  <datafield tag="035" ind1=" " ind2=" ">
    <subfield code="a">(OCoLC)1083260208</subfield>
  </datafield>
  <datafield tag="040" ind1=" " ind2=" ">
    <subfield code="a">DLC</subfield>
    <subfield code="b">eng</subfield>
    <subfield code="e">rda</subfield>
    <subfield code="c">DLC</subfield>
    <subfield code="d">DLC</subfield>
  </datafield>
  <datafield tag="043" ind1=" " ind2=" ">
    <subfield code="a">a-cc-su</subfield>
  </datafield>
  <datafield tag="050" ind1="0" ind2="0">
    <subfield code="a">G2308.X6H1</subfield>
    <subfield code="b">X5 2017</subfield>
  </datafield>
  <datafield tag="052" ind1=" " ind2=" ">
    <subfield code="a">7823</subfield>
    <subfield code="b">X6</subfield>
  </datafield>
  <datafield tag="066" ind1=" " ind2=" ">
    <subfield code="c">$1</subfield>
  </datafield>
  <datafield tag="110" ind1="1" ind2=" ">
    <subfield code="6">880-01</subfield>
    <subfield code="a">Xinjiang Uygur Zizhiqu (China).</subfield>
    <subfield code="b">Di zhi kuang chan kan cha kai fa ju,</subfield>
    <subfield code="e">cartographer.</subfield>
  </datafield>
  <datafield tag="880" ind1="1" ind2=" ">
    <subfield code="6">110-01/$1</subfield>
    <subfield code="a">Xinjiang Uygur Zizhiqu (China).</subfield>
    <subfield code="b">地质矿产勘查开发局,</subfield>
    <subfield code="e">cartographer.</subfield>
  </datafield>
  <datafield tag="245" ind1="1" ind2="0">
    <subfield code="6">880-02</subfield>
    <subfield code="a">Zhongguo kuang chan di zhi zhi.</subfield>
    <subfield code="p">Xinjiang Weiwuer Zizhiqu kuang chuang cheng kuang xi lie tu (qian han wu ji, zao gu sheng dai, wan gu sheng dai, zhong sheng dai, xin sheng dai)(1:1500000) =</subfield>
    <subfield code="b">Geology of Mineral resources in China : the minerogenetic series map of mineral deposits in Xinjiang Uygur Autonomous Region of China : precambrian, early paleozoic, late paleozoic, mesozoic, cenozoic (1:1500000) /</subfield>
    <subfield code="c">bian zhi dan wei Xinjiang di zhi kuang chan kan cha kai fa ju.</subfield>
  </datafield>
  <datafield tag="880" ind1="1" ind2="0">
    <subfield code="6">245-02/$1</subfield>
    <subfield code="a">中国矿产地质志.</subfield>
    <subfield code="p">新疆维吾尔自治区矿床成矿系列图(前寒武纪 早古生代 晚古生代 中生代 新生代)(1:1500000) =</subfield>
    <subfield code="b">Geology of Mineral resources in China : the minerogenetic series map of mineral deposits in Xinjiang Uygur Autonomous Region of China : precambrian, early paleozoic, late paleozoic, mesozoic, cenozoic (1:1500000) /</subfield>
    <subfield code="c">编制单位新疆地质矿产勘查开发局.</subfield>
  </datafield>
  <datafield tag="246" ind1="3" ind2="0">
    <subfield code="6">880-03</subfield>
    <subfield code="a">Xinjiang Weiwuer Zizhiqu kuang chuang cheng kuang xi lie tu (qian han wu ji, zao gu sheng dai, wan gu sheng dai, zhong sheng dai, xin sheng dai) (1:1500000)</subfield>
  </datafield>
  <datafield tag="880" ind1="3" ind2="0">
    <subfield code="6">246-03/$1</subfield>
    <subfield code="a">新疆维吾尔自治区矿床成矿系列图 (前寒武纪 早古生代 晚古生代 中生代 新生代) (1:1500000)</subfield>
  </datafield>
  <datafield tag="246" ind1="3" ind2="1">
    <subfield code="a">Geology of Mineral resources in China.</subfield>
    <subfield code="p">The minerogenetic series map of mineral deposits in Xinjiang Uygur Autonomous Region of China :</subfield>
    <subfield code="b">precambrian, early paleozoic, late paleozoic, mesozoic, cenozoic (1:1500000)</subfield>
  </datafield>
  <datafield tag="250" ind1=" " ind2=" ">
    <subfield code="6">880-04</subfield>
    <subfield code="a">Di 1 ban.</subfield>
  </datafield>
  <datafield tag="880" ind1=" " ind2=" ">
    <subfield code="6">250-04/$1</subfield>
    <subfield code="a">第1版.</subfield>
  </datafield>
  <datafield tag="255" ind1=" " ind2=" ">
    <subfield code="a">Scale 1:1,500,000.</subfield>
  </datafield>
  <datafield tag="264" ind1=" " ind2="1">
    <subfield code="6">880-05</subfield>
    <subfield code="a">[Beijing] :</subfield>
    <subfield code="b">Di zhi chu ban she,</subfield>
    <subfield code="c">2017.</subfield>
  </datafield>
  <datafield tag="880" ind1=" " ind2="1">
    <subfield code="6">264-05/$1</subfield>
    <subfield code="a">[北京] :</subfield>
    <subfield code="b">地质出版社,</subfield>
    <subfield code="c">2017.</subfield>
  </datafield>
  <datafield tag="300" ind1=" " ind2=" ">
    <subfield code="a">1 atlas (5 maps) :</subfield>
    <subfield code="b">color ;</subfield>
    <subfield code="c">37 cm +</subfield>
    <subfield code="e">2 manual</subfield>
  </datafield>
  <datafield tag="336" ind1=" " ind2=" ">
    <subfield code="a">cartographic image</subfield>
    <subfield code="b">cri</subfield>
    <subfield code="2">rdacontent</subfield>
  </datafield>
  <datafield tag="337" ind1=" " ind2=" ">
    <subfield code="a">unmediated</subfield>
    <subfield code="b">n</subfield>
    <subfield code="2">rdamedia</subfield>
  </datafield>
  <datafield tag="338" ind1=" " ind2=" ">
    <subfield code="a">sheet</subfield>
    <subfield code="b">nb</subfield>
    <subfield code="2">rdacarrier</subfield>
  </datafield>
  <datafield tag="336" ind1=" " ind2=" ">
    <subfield code="a">text</subfield>
    <subfield code="b">txt</subfield>
    <subfield code="2">rdacontent</subfield>
  </datafield>
  <datafield tag="337" ind1=" " ind2=" ">
    <subfield code="a">unmediated</subfield>
    <subfield code="b">n</subfield>
    <subfield code="2">rdamedia</subfield>
  </datafield>
  <datafield tag="338" ind1=" " ind2=" ">
    <subfield code="a">volume</subfield>
    <subfield code="b">nc</subfield>
    <subfield code="2">rdacarrier</subfield>
  </datafield>
  <datafield tag="500" ind1=" " ind2=" ">
    <subfield code="a">Relief shown by gradient tints and spot heights.</subfield>
  </datafield>
  <datafield tag="500" ind1=" " ind2=" ">
    <subfield code="6">880-06</subfield>
    <subfield code="a">&quot; &apos;Shi san wu&apos; guo jia zhong dian tu shu&quot;--Case cover.</subfield>
  </datafield>
  <datafield tag="880" ind1=" " ind2=" ">
    <subfield code="6">500-06/$1</subfield>
    <subfield code="a">&quot;「十三五」国家重点图书&quot;--Case cover.</subfield>
  </datafield>
  <datafield tag="500" ind1=" " ind2=" ">
    <subfield code="6">880-07</subfield>
    <subfield code="a">Manual with title: Zhongguo kuang chan di zhi zhi. Xinjiang Weiwuer Zizhiqu kuang chuang cheng kuang xi lie tu shuo ming shu (1:1500000) / bian zhi dan wei Xinjiang di zhi kuang chan kan cha kai fa ju.</subfield>
  </datafield>
  <datafield tag="880" ind1=" " ind2=" ">
    <subfield code="6">500-07/$1</subfield>
    <subfield code="a">Manual with title: 中国矿产地质志. 新疆维吾尔自治区矿床成矿系列图说明书(1:1500000) / 编制单位新疆地质矿产勘查开发局.</subfield>
  </datafield>
  <datafield tag="500" ind1=" " ind2=" ">
    <subfield code="6">880-08</subfield>
    <subfield code="a">Manual with title: Zhongguo kuang chan di zhi zhi. Xinjiang Weiwuer Zizhiqu kuang chuang cheng kuang xi lie tu ge shi duan kuang chan di yi lan biao (1:1500000) / bian zhi dan wei Xinjiang di zhi kuang chan kan cha kai fa ju.</subfield>
  </datafield>
  <datafield tag="880" ind1=" " ind2=" ">
    <subfield code="6">500-08/$1</subfield>
    <subfield code="a">Manual with title: 中国矿产地质志. 新疆维吾尔自治区矿床成矿系列图各时段矿产地一览表(1:1500000) / 编制单位新疆地质矿产勘查开发局.</subfield>
  </datafield>
  <datafield tag="504" ind1=" " ind2=" ">
    <subfield code="a">Manual includes bibliographical references.</subfield>
  </datafield>
  <datafield tag="505" ind1="0" ind2=" ">
    <subfield code="6">880-09</subfield>
    <subfield code="a">Xinjiang Weiwuer Zizhiqu qian han wu ji kuang chuang cheng kuang xi lie tu -- Xinjiang Weiwuer Zizhiqu zao gu sheng dai kuang chuang cheng kuang xi lie tu -- Xinjiang Weiwuer Zizhiqu wan gu sheng dai kuang chuang cheng kuang xi lie tu -- Xinjiang Weiwuer Zizhiqu zhong sheng dai kuang chuang cheng kuang xi lie tu -- Xinjiang Weiwuer Zizhiqu xin sheng dai kuang chuang cheng kuang xi lie tu.</subfield>
  </datafield>
  <datafield tag="880" ind1="0" ind2=" ">
    <subfield code="6">505-09/$1</subfield>
    <subfield code="a">新疆维吾尔自治区前寒武纪矿床成矿系列图 -- 新疆维吾尔自治区早古生代矿床成矿系列图 -- 新疆维吾尔自治区晚古生代矿床成矿系列图 -- 新疆维吾尔自治区中生代矿床成矿系列图 -- 新疆维吾尔自治区新生代矿床成矿系列图.</subfield>
  </datafield>
  <datafield tag="651" ind1=" " ind2="0">
    <subfield code="a">Mines and mineral resources</subfield>
    <subfield code="z">China</subfield>
    <subfield code="z">Xinjiang Uygur Zizhiqu</subfield>
    <subfield code="v">Maps.</subfield>
  </datafield>
  <datafield tag="651" ind1=" " ind2="0">
    <subfield code="6">880-10</subfield>
    <subfield code="a">Xinjiang Uygur Zizhiqu (China)</subfield>
    <subfield code="v">Maps.</subfield>
  </datafield>
  <datafield tag="880" ind1=" " ind2="4">
    <subfield code="6">651-10/$1</subfield>
    <subfield code="a">新疆维吾尔自治区 (China)</subfield>
    <subfield code="v">Maps.</subfield>
  </datafield>
  <datafield tag="655" ind1=" " ind2="7">
    <subfield code="a">Atlases.</subfield>
    <subfield code="2">lcgft</subfield>
  </datafield>
  <datafield tag="655" ind1=" " ind2="7">
    <subfield code="a">Geological maps.</subfield>
    <subfield code="2">lcgft</subfield>
  </datafield>
  <datafield tag="952" ind1=" " ind2=" ">
    <subfield code="a">Filed as map under G7823.X6H1 s1500 .X5. Text filed under: G7823.X6H1 s1500 .X5 Shelf</subfield>
  </datafield>
  <datafield tag="985" ind1=" " ind2=" ">
    <subfield code="a">CNP load-new</subfield>
    <subfield code="d">2019-01-25</subfield>
  </datafield>
  <datafield tag="985" ind1=" " ind2=" ">
    <subfield code="a">BibframePilot2</subfield>
    <subfield code="e">20190517</subfield>
  </datafield>
</record>