
<record>
  <leader>02972cam a22004218i 4500</leader>
  <controlfield tag="001">20838915</controlfield>
  <controlfield tag="005">20200102160354.0</controlfield>
  <controlfield tag="008">190128s2019    ncu      b   s001 0 eng c</controlfield>
  <datafield tag="906" ind1=" " ind2=" ">
    <subfield code="a">0</subfield>
    <subfield code="b">vip</subfield>
    <subfield code="c">orignew</subfield>
    <subfield code="d">1</subfield>
    <subfield code="e">ecip</subfield>
    <subfield code="f">20</subfield>
    <subfield code="g">y-gencatlg</subfield>
  </datafield>
  <datafield tag="925" ind1="0" ind2=" ">
    <subfield code="a">acquire</subfield>
    <subfield code="b">1 shelf copy</subfield>
    <subfield code="x">policy default</subfield>
  </datafield>
  <datafield tag="955" ind1=" " ind2=" ">
    <subfield code="a">NcU</subfield>
    <subfield code="e">rm05 2019-02-06 to Dewey</subfield>
    <subfield code="w">xm06 2019-02-07</subfield>
    <subfield code="a">xn11 2020-01-02 1 copy rec&apos;d., to CIP ver.</subfield>
  </datafield>
  <datafield tag="010" ind1=" " ind2=" ">
    <subfield code="a">  2019002918</subfield>
  </datafield>
  <datafield tag="020" ind1=" " ind2=" ">
    <subfield code="a">9781469653327 (cloth : alk. paper)</subfield>
  </datafield>
  <datafield tag="020" ind1=" " ind2=" ">
    <subfield code="z">9781469653334 (ebook)</subfield>
  </datafield>
  <datafield tag="040" ind1=" " ind2=" ">
    <subfield code="a">NcU/DLC</subfield>
    <subfield code="b">eng</subfield>
    <subfield code="c">NcU</subfield>
    <subfield code="e">rda</subfield>
  </datafield>
  <datafield tag="042" ind1=" " ind2=" ">
    <subfield code="a">pcc</subfield>
  </datafield>
  <datafield tag="043" ind1=" " ind2=" ">
    <subfield code="a">n-us---</subfield>
  </datafield>
  <datafield tag="050" ind1="0" ind2="0">
    <subfield code="a">HD9684.U62</subfield>
    <subfield code="b">Z34 2019</subfield>
  </datafield>
  <datafield tag="082" ind1="0" ind2="0">
    <subfield code="a">338.4/762132097309034</subfield>
    <subfield code="2">23</subfield>
  </datafield>
  <datafield tag="100" ind1="1" ind2=" ">
    <subfield code="a">Zallen, Jeremy,</subfield>
    <subfield code="e">author.</subfield>
  </datafield>
  <datafield tag="245" ind1="1" ind2="0">
    <subfield code="a">American lucifers :</subfield>
    <subfield code="b">the dark history of artificial light, 1750-1865 /</subfield>
    <subfield code="c">by Jeremy Zallen.</subfield>
  </datafield>
  <datafield tag="263" ind1=" " ind2=" ">
    <subfield code="a">1111</subfield>
  </datafield>
  <datafield tag="264" ind1=" " ind2="1">
    <subfield code="a">Chapel Hill :</subfield>
    <subfield code="b">University of North Carolina Press,</subfield>
    <subfield code="c">[2019]</subfield>
  </datafield>
  <datafield tag="300" ind1=" " ind2=" ">
    <subfield code="a">pages cm</subfield>
  </datafield>
  <datafield tag="336" ind1=" " ind2=" ">
    <subfield code="a">text</subfield>
    <subfield code="2">rdacontent</subfield>
  </datafield>
  <datafield tag="337" ind1=" " ind2=" ">
    <subfield code="a">unmediated</subfield>
    <subfield code="2">rdamedia</subfield>
  </datafield>
  <datafield tag="338" ind1=" " ind2=" ">
    <subfield code="a">volume</subfield>
    <subfield code="2">rdacarrier</subfield>
  </datafield>
  <datafield tag="504" ind1=" " ind2=" ">
    <subfield code="a">Includes bibliographical references and index.</subfield>
  </datafield>
  <datafield tag="505" ind1="0" ind2=" ">
    <subfield code="a">Dragged up hither from the bottom of the sea -- Piney lights -- Dungeons and dragons and gaslights -- Lard lights and the pigpen archipelago -- Lucifer matches and the global violence of phosphorus -- Rock oil, civil war, and industrial slavery interrupted.</subfield>
  </datafield>
  <datafield tag="520" ind1=" " ind2=" ">
    <subfield code="a">&quot;American lucifers tracks how struggles to produce light transformed American history, beginning with the rise of the American whale fishery in the 1750s and culminating in the emergence, around the Civil War, of the petroleum industry and its primary product, kerosene. Between this shift from oil harvested from whales to oil extracted from rocks, American light was substantially derived from a substance called camphene, a highly explosive liquid mixture of spirits of turpentine and highly distilled alcohol, generally extracted from North Carolina pines by enslaved workers. Over the course of this narrative, Jeremy Zallen reveals the centrality of slavery to labor in gasworks, coal mines, guano islands, and factories that made illumination possible. Moreover, though the lights they created may have offered a veneer of progress and convenience, they also made it possible for industry to extract workers&apos; and slaves&apos; labor around the clock. The availability of these illuminants extended men&apos;s working days to the point that women and children were expected to shoulder all domestic labor as a matter of course&quot;--</subfield>
    <subfield code="c">Provided by publisher.</subfield>
  </datafield>
  <datafield tag="650" ind1=" " ind2="0">
    <subfield code="a">Lighting</subfield>
    <subfield code="z">United States</subfield>
    <subfield code="x">History</subfield>
    <subfield code="y">18th century.</subfield>
  </datafield>
  <datafield tag="650" ind1=" " ind2="0">
    <subfield code="a">Lighting</subfield>
    <subfield code="z">United States</subfield>
    <subfield code="x">History</subfield>
    <subfield code="y">19th century.</subfield>
  </datafield>
  <datafield tag="650" ind1=" " ind2="0">
    <subfield code="a">Lighting</subfield>
    <subfield code="x">Economic aspects.</subfield>
  </datafield>
  <datafield tag="650" ind1=" " ind2="0">
    <subfield code="a">Lighting</subfield>
    <subfield code="x">Political aspects.</subfield>
  </datafield>
  <datafield tag="650" ind1=" " ind2="0">
    <subfield code="a">Labor</subfield>
    <subfield code="z">United States</subfield>
    <subfield code="x">History</subfield>
    <subfield code="y">18th century.</subfield>
  </datafield>
  <datafield tag="650" ind1=" " ind2="0">
    <subfield code="a">Slave labor</subfield>
    <subfield code="x">History</subfield>
    <subfield code="y">18th century.</subfield>
  </datafield>
  <datafield tag="963" ind1=" " ind2=" ">
    <subfield code="a">Iris Oakes; phone: 919-962-0549; email: oakesis@email.unc.edu; bc: oakesis@email.unc.edu</subfield>
  </datafield>
  <datafield tag="985" ind1=" " ind2=" ">
    <subfield code="a">NcUCIP</subfield>
    <subfield code="d">2019-02-04</subfield>
  </datafield>
</record>