
<record>
  <leader>01607cam a2200301 i 4500</leader>
  <controlfield tag="001">20838994</controlfield>
  <controlfield tag="005">20200102160758.0</controlfield>
  <controlfield tag="008">190205s2019    mdu      b    001 0 eng  </controlfield>
  <datafield tag="906" ind1=" " ind2=" ">
    <subfield code="a">7</subfield>
    <subfield code="b">cbc</subfield>
    <subfield code="c">orignew</subfield>
    <subfield code="d">1</subfield>
    <subfield code="e">ecip</subfield>
    <subfield code="f">20</subfield>
    <subfield code="g">y-gencatlg</subfield>
  </datafield>
  <datafield tag="925" ind1="0" ind2=" ">
    <subfield code="a">acquire</subfield>
    <subfield code="b">1 shelf copy</subfield>
    <subfield code="x">policy default</subfield>
  </datafield>
  <datafield tag="955" ind1=" " ind2=" ">
    <subfield code="b">rk10 2019-02-05</subfield>
    <subfield code="c">rk10 2019-02-05 (telework) to subject</subfield>
    <subfield code="d">rk02 2019-03-12 to Dewey (telework)</subfield>
    <subfield code="w">xm07 2019-03-12</subfield>
    <subfield code="a">xn17 2019-09-06 1 copy rec&apos;d., to CIP ver.</subfield>
    <subfield code="a">rk20 2019-09-11 book received in ART</subfield>
    <subfield code="f">re24 2019-12-06 to CALM</subfield>
  </datafield>
  <datafield tag="010" ind1=" " ind2=" ">
    <subfield code="a">  2019005186</subfield>
  </datafield>
  <datafield tag="020" ind1=" " ind2=" ">
    <subfield code="a">9781498593533</subfield>
    <subfield code="q">(cloth ; alk. paper)</subfield>
  </datafield>
  <datafield tag="040" ind1=" " ind2=" ">
    <subfield code="a">DLC</subfield>
    <subfield code="b">eng</subfield>
    <subfield code="c">DLC</subfield>
    <subfield code="e">rda</subfield>
  </datafield>
  <datafield tag="042" ind1=" " ind2=" ">
    <subfield code="a">pcc</subfield>
  </datafield>
  <datafield tag="050" ind1="0" ind2="0">
    <subfield code="a">BH301.C84</subfield>
    <subfield code="b">M58 2019</subfield>
  </datafield>
  <datafield tag="082" ind1="0" ind2="0">
    <subfield code="a">111/.85</subfield>
    <subfield code="2">23</subfield>
  </datafield>
  <datafield tag="100" ind1="1" ind2=" ">
    <subfield code="a">Mitscherling, Jeffrey Anthony,</subfield>
    <subfield code="e">author.</subfield>
  </datafield>
  <datafield tag="245" ind1="1" ind2="0">
    <subfield code="a">Artistic creation :</subfield>
    <subfield code="b">a phenomenological account /</subfield>
    <subfield code="c">Jeff Mitscherling and Paul Fairfield.</subfield>
  </datafield>
  <datafield tag="264" ind1=" " ind2="1">
    <subfield code="a">Lanham :</subfield>
    <subfield code="b">Lexington Books,</subfield>
    <subfield code="c">2019.</subfield>
  </datafield>
  <datafield tag="300" ind1=" " ind2=" ">
    <subfield code="a">155 pages ;</subfield>
    <subfield code="c">24 cm</subfield>
  </datafield>
  <datafield tag="336" ind1=" " ind2=" ">
    <subfield code="a">text</subfield>
    <subfield code="b">txt</subfield>
    <subfield code="2">rdacontent</subfield>
  </datafield>
  <datafield tag="337" ind1=" " ind2=" ">
    <subfield code="a">unmediated</subfield>
    <subfield code="b">n</subfield>
    <subfield code="2">rdamedia</subfield>
  </datafield>
  <datafield tag="338" ind1=" " ind2=" ">
    <subfield code="a">volume</subfield>
    <subfield code="b">nc</subfield>
    <subfield code="2">rdacarrier</subfield>
  </datafield>
  <datafield tag="504" ind1=" " ind2=" ">
    <subfield code="a">Includes bibliographical references (pages 147-151) and index.</subfield>
  </datafield>
  <datafield tag="505" ind1="0" ind2=" ">
    <subfield code="a">Tracking intentions -- What artists tell us -- Some central concepts and theories -- More clues from Plato and Aristotle -- A model of the work of art -- Structural and hermeneutic considerations involved in artistic creation and -- Aesthetic judgment -- Implications.</subfield>
  </datafield>
  <datafield tag="650" ind1=" " ind2="0">
    <subfield code="a">Creation (Literary, artistic, etc.)</subfield>
  </datafield>
  <datafield tag="776" ind1="0" ind2="8">
    <subfield code="i">Online version:</subfield>
    <subfield code="a">Mitscherling, Jeffrey Anthony, author.</subfield>
    <subfield code="t">Artistic creation</subfield>
    <subfield code="d">Lanham : Lexington Books, 2019</subfield>
    <subfield code="z">9781498593540</subfield>
    <subfield code="w">(DLC) 2019012331</subfield>
  </datafield>
</record>