
<record>
  <leader>03389cam a2200373 i 4500</leader>
  <controlfield tag="001">20846560</controlfield>
  <controlfield tag="005">20200102162412.0</controlfield>
  <controlfield tag="008">190211s2019    nyua     b    001 0 eng  </controlfield>
  <datafield tag="906" ind1=" " ind2=" ">
    <subfield code="a">7</subfield>
    <subfield code="b">cbc</subfield>
    <subfield code="c">orignew</subfield>
    <subfield code="d">1</subfield>
    <subfield code="e">ecip</subfield>
    <subfield code="f">20</subfield>
    <subfield code="g">y-gencatlg</subfield>
  </datafield>
  <datafield tag="925" ind1="0" ind2=" ">
    <subfield code="a">Acquire</subfield>
    <subfield code="b">1 shelf copy</subfield>
    <subfield code="x">policy default</subfield>
  </datafield>
  <datafield tag="955" ind1=" " ind2=" ">
    <subfield code="b">xk13 2019-02-11</subfield>
    <subfield code="i">xk13 2019-02-11 (telework) HOLD: to PSD (CLED);</subfield>
    <subfield code="a">xn11 2019-04-24 1 copy rec&apos;d., to CIP ver.</subfield>
    <subfield code="f">ff16 2019-05-10</subfield>
    <subfield code="r">xk15 2019-05-15 to CALM</subfield>
    <subfield code="e">td14 2020-01-02 class proposal not approved; reclassed; galley to Dewey</subfield>
    <subfield code="a">td14  2020-01-02 STILL MARKED; call number was PT415.2.T73 A59 2019</subfield>
    <subfield code="w">xm07 2020-01-02</subfield>
  </datafield>
  <datafield tag="010" ind1=" " ind2=" ">
    <subfield code="a">  2018056853</subfield>
  </datafield>
  <datafield tag="020" ind1=" " ind2=" ">
    <subfield code="a">9781640140110 (hardcover : alk. paper)</subfield>
  </datafield>
  <datafield tag="020" ind1=" " ind2=" ">
    <subfield code="a">1640140115 (hardcover : alk. paper)</subfield>
  </datafield>
  <datafield tag="040" ind1=" " ind2=" ">
    <subfield code="a">DLC</subfield>
    <subfield code="b">eng</subfield>
    <subfield code="c">DLC</subfield>
    <subfield code="e">rda</subfield>
    <subfield code="d">DLC</subfield>
  </datafield>
  <datafield tag="042" ind1=" " ind2=" ">
    <subfield code="a">pcc</subfield>
  </datafield>
  <datafield tag="043" ind1=" " ind2=" ">
    <subfield code="a">e-gx---</subfield>
  </datafield>
  <datafield tag="050" ind1="0" ind2="0">
    <subfield code="a">PT717</subfield>
    <subfield code="b">.A59 2019</subfield>
  </datafield>
  <datafield tag="082" ind1="0" ind2="0">
    <subfield code="a">830.9/32</subfield>
    <subfield code="2">23</subfield>
  </datafield>
  <datafield tag="245" ind1="0" ind2="0">
    <subfield code="a">Anxious journeys :</subfield>
    <subfield code="b">twenty-first-century travel writing in German /</subfield>
    <subfield code="c">edited by Karin Baumgartner and Monika Shafi.</subfield>
  </datafield>
  <datafield tag="264" ind1=" " ind2="1">
    <subfield code="a">Rochester, New York :</subfield>
    <subfield code="b">Camden House,</subfield>
    <subfield code="c">2019.</subfield>
  </datafield>
  <datafield tag="300" ind1=" " ind2=" ">
    <subfield code="a">viii, 276 pages :</subfield>
    <subfield code="b">illustrations ;</subfield>
    <subfield code="c">24 cm.</subfield>
  </datafield>
  <datafield tag="336" ind1=" " ind2=" ">
    <subfield code="a">text</subfield>
    <subfield code="b">txt</subfield>
    <subfield code="2">rdacontent</subfield>
  </datafield>
  <datafield tag="337" ind1=" " ind2=" ">
    <subfield code="a">unmediated</subfield>
    <subfield code="b">n</subfield>
    <subfield code="2">rdamedia</subfield>
  </datafield>
  <datafield tag="338" ind1=" " ind2=" ">
    <subfield code="a">volume</subfield>
    <subfield code="b">nc</subfield>
    <subfield code="2">rdacarrier</subfield>
  </datafield>
  <datafield tag="490" ind1="0" ind2=" ">
    <subfield code="a">Studies in German literature, linguistics, and culture</subfield>
  </datafield>
  <datafield tag="504" ind1=" " ind2=" ">
    <subfield code="a">Includes bibliographical references and index.</subfield>
  </datafield>
  <datafield tag="505" ind1="0" ind2=" ">
    <subfield code="a">Migration and refugees. Travel and trauma in post-1989 Europe: Julya Rabinowich&apos;s Die Erdfresserin and Terezia Mora&apos;s Das Ungeheuer / Anke S. Biendarra -- Europe, the Middle East, and identities in transition: Navid Kermani&apos;s Einbruch der Wirklichkeit: auf dem Fluchtlingstreck durch Europa / Magda Tarnawska Senel -- Travelers and tourists. Around the world in seventy stories: Christoph Ransmayr&apos;s Atlas eines Angstlichen mannes / Monika Shafi -- The political tourist in Juli Zeh&apos;s Die Stille ist ein Gerausch / Nicole Coleman -- Transnational Turkish German travelogues: Turkish German women writers&apos; millennial travel narratives / Heather Merle Benbow -- The end of travel in Sibylle Berg&apos;s Wunderbare Jahre and Rolf Niederhauser&apos;s Seltsame Schleife / Karin Baumgartner -- Exploration and nostalgia. Disappearing act: Felicitas Hoppe&apos;s Hoppe and Australian myths / Andrew Wright Hurley -- &quot;Always conceal  thy tenets, thy treasure, and thy travelling&quot;: irony and  ambiguity in Ilija Trojanow&apos;s Travel narratives about the Middle East / Gundela Hachmann -- Traveling through mental landscapes. Walking in circles: Josef Winkler&apos;s Mutter und der Bleistift / Carola Daffner -- Into thin air: extreme landscapes, self-discovery, and narrative in Christoph Ransmayr&apos;s Der fliegende Berg / Nicole Grewling -- The atlas as travel writing and as postcolonial critique: Judith Schalansky&apos;s Atlas of remote islands / Christina Gerhardt -- Visual and sonic journeys. Graphic journeys: travel writing and the medium of comics / Christina Kraenzle -- Travel&apos;s utopian potential in Andrea Grill&apos;s Liebesmaschine N.Y.C. / John Blair and Muriel Cormican -- Heimat: Diaspora-Ulrich Seidl&apos;s Paradies: Liebe / Sunka Simon.</subfield>
  </datafield>
  <datafield tag="650" ind1=" " ind2="0">
    <subfield code="a">Travel in literature.</subfield>
  </datafield>
  <datafield tag="650" ind1=" " ind2="0">
    <subfield code="a">Tourism in literature.</subfield>
  </datafield>
  <datafield tag="650" ind1=" " ind2="0">
    <subfield code="a">Travelers&apos; writings, German</subfield>
    <subfield code="x">History and criticism.</subfield>
  </datafield>
  <datafield tag="650" ind1=" " ind2="0">
    <subfield code="a">German prose literature</subfield>
    <subfield code="y">21st century</subfield>
    <subfield code="x">History and criticism.</subfield>
  </datafield>
  <datafield tag="700" ind1="1" ind2=" ">
    <subfield code="a">Baumgartner, Karin,</subfield>
    <subfield code="d">1964-</subfield>
    <subfield code="e">editor.</subfield>
  </datafield>
  <datafield tag="700" ind1="1" ind2=" ">
    <subfield code="a">Shafi, Monika,</subfield>
    <subfield code="e">editor.</subfield>
  </datafield>
</record>