
<record>
  <leader>03564cam a2200505 i 4500</leader>
  <controlfield tag="001">20847413</controlfield>
  <controlfield tag="005">20200102110903.0</controlfield>
  <controlfield tag="008">190113m20189999bw abc        000 0 rus d</controlfield>
  <datafield tag="906" ind1=" " ind2=" ">
    <subfield code="a">7</subfield>
    <subfield code="b">cbc</subfield>
    <subfield code="c">copycat</subfield>
    <subfield code="d">2</subfield>
    <subfield code="e">ncip</subfield>
    <subfield code="f">20</subfield>
    <subfield code="g">y-nonroman</subfield>
  </datafield>
  <datafield tag="925" ind1="0" ind2=" ">
    <subfield code="a">acquire</subfield>
    <subfield code="b">1 shelf copy</subfield>
    <subfield code="x">policy default</subfield>
  </datafield>
  <datafield tag="955" ind1=" " ind2=" ">
    <subfield code="a">ve16 2019-02-08</subfield>
    <subfield code="a">fc00 2019-04-05 to GS/ECE</subfield>
    <subfield code="b">fc70 2019-04-30 z-processor JACKPHY</subfield>
    <subfield code="i">fc70 2019-04-30 telework to CALM (hardbound)</subfield>
    <subfield code="a">fc00 2019-06-07 to GS/ECE v. 2 added to CALM</subfield>
    <subfield code="a">fc00 2019-12-06 to GS/ECE v. 3 added to CALM</subfield>
    <subfield code="s">fc70 2020-01-02 c. 2, v. 3 to East Coast Slavic Consortium (exchange copy)</subfield>
    <subfield code="a">fc00 2020-01-02 to GS/ECE added v. 4 to CALM</subfield>
  </datafield>
  <datafield tag="010" ind1=" " ind2=" ">
    <subfield code="a">  2018464636</subfield>
  </datafield>
  <datafield tag="020" ind1=" " ind2=" ">
    <subfield code="a">9789850823878</subfield>
  </datafield>
  <datafield tag="020" ind1=" " ind2=" ">
    <subfield code="a">9850823879</subfield>
  </datafield>
  <datafield tag="020" ind1=" " ind2=" ">
    <subfield code="a">9789850823885</subfield>
    <subfield code="q">(hardcover ; v.1)</subfield>
  </datafield>
  <datafield tag="020" ind1=" " ind2=" ">
    <subfield code="a">9850823887</subfield>
    <subfield code="q">(hardcover ; v.1)</subfield>
  </datafield>
  <datafield tag="020" ind1=" " ind2=" ">
    <subfield code="a">9789850823915</subfield>
    <subfield code="q">(hardcover ; v.2)</subfield>
  </datafield>
  <datafield tag="020" ind1=" " ind2=" ">
    <subfield code="a">9850823917</subfield>
    <subfield code="q">(hardcover ; v.2)</subfield>
  </datafield>
  <datafield tag="020" ind1=" " ind2=" ">
    <subfield code="a">9789850824288</subfield>
    <subfield code="q">(hardcover ; v.3)</subfield>
  </datafield>
  <datafield tag="020" ind1=" " ind2=" ">
    <subfield code="a">9789850824523</subfield>
    <subfield code="q">(hardcover ; v.4)</subfield>
  </datafield>
  <datafield tag="035" ind1=" " ind2=" ">
    <subfield code="a">(OCoLC)on1089893036</subfield>
  </datafield>
  <datafield tag="040" ind1=" " ind2=" ">
    <subfield code="a">EVIEW</subfield>
    <subfield code="b">eng</subfield>
    <subfield code="e">rda</subfield>
    <subfield code="c">EVIEW</subfield>
    <subfield code="d">OSU</subfield>
    <subfield code="d">OCLCO</subfield>
    <subfield code="d">DLC</subfield>
  </datafield>
  <datafield tag="042" ind1=" " ind2=" ">
    <subfield code="a">lccopycat</subfield>
  </datafield>
  <datafield tag="043" ind1=" " ind2=" ">
    <subfield code="a">e-bw---</subfield>
  </datafield>
  <datafield tag="050" ind1="0" ind2="0">
    <subfield code="a">DK507.23</subfield>
    <subfield code="b">.I88 2018</subfield>
  </datafield>
  <datafield tag="066" ind1=" " ind2=" ">
    <subfield code="c">(N</subfield>
  </datafield>
  <datafield tag="245" ind1="0" ind2="0">
    <subfield code="6">880-01</subfield>
    <subfield code="a">Istorii︠a︡ belorusskoĭ gosudarstvennosti :</subfield>
    <subfield code="b">v pi︠a︡ti tomakh /</subfield>
    <subfield code="c">[Redakt︠s︡ionnai︠a︡ kollegii︠a︡: tom 1. A.A. Kovaleni︠a︡  (otv. red.) [i dr.] ; tom 2. N.V. Smekhovich (otv. red.) [i dr.].]</subfield>
  </datafield>
  <datafield tag="880" ind1="0" ind2="0">
    <subfield code="6">245-01/(N</subfield>
    <subfield code="a">История белорусской государственности :</subfield>
    <subfield code="b">в пяти томах /</subfield>
    <subfield code="c">[Редакционная коллегия: том 1. А.А. Коваленя  (отв. ред.) [и др.] ; том 2. Н.В. Смехович (отв. ред.) [и др.].]</subfield>
  </datafield>
  <datafield tag="264" ind1=" " ind2="1">
    <subfield code="6">880-02</subfield>
    <subfield code="a">Minsk :</subfield>
    <subfield code="b">Belaruskai︠a︡ navuka,</subfield>
    <subfield code="c">2018-&lt;2019&gt;</subfield>
  </datafield>
  <datafield tag="880" ind1=" " ind2="1">
    <subfield code="6">264-02/(N</subfield>
    <subfield code="a">Минск :</subfield>
    <subfield code="b">Белaруская навука,</subfield>
    <subfield code="c">2018-&lt;2019&gt;</subfield>
  </datafield>
  <datafield tag="300" ind1=" " ind2=" ">
    <subfield code="a">&lt;1-4&gt; volumes :</subfield>
    <subfield code="b">illustrations, color illustrations, portraits, maps ;</subfield>
    <subfield code="c">25 cm</subfield>
  </datafield>
  <datafield tag="336" ind1=" " ind2=" ">
    <subfield code="a">text</subfield>
    <subfield code="b">txt</subfield>
    <subfield code="2">rdacontent</subfield>
  </datafield>
  <datafield tag="337" ind1=" " ind2=" ">
    <subfield code="a">unmediated</subfield>
    <subfield code="b">n</subfield>
    <subfield code="2">rdamedia</subfield>
  </datafield>
  <datafield tag="338" ind1=" " ind2=" ">
    <subfield code="a">volume</subfield>
    <subfield code="b">nc</subfield>
    <subfield code="2">rdacarrier</subfield>
  </datafield>
  <datafield tag="504" ind1=" " ind2=" ">
    <subfield code="a">Includes bibliographical references and indexes.</subfield>
  </datafield>
  <datafield tag="505" ind1="1" ind2="0">
    <subfield code="6">880-03</subfield>
    <subfield code="g">Tom pervyĭ :</subfield>
    <subfield code="t">belorusskai︠a︡ gosudarstvennostʹ ot istokov do kont︠s︡a XVIII v.</subfield>
    <subfield code="g">-- Tom vtoroĭ :</subfield>
    <subfield code="t">belorusskai︠a︡ gosudarstvennostʹ v period Rossiĭskoĭ imperii (konet︠s︡ XVIII--nachalo XX v.)</subfield>
    <subfield code="g">-- Tom tretiĭ. :</subfield>
    <subfield code="t">belorusskai︠a︡ gosudarstvennostʹ : ot idei k nat︠s︡ionalʹnomu gosudarstvu (1917-1939 gg.) --</subfield>
    <subfield code="g">tom chetvertyĭ. :</subfield>
    <subfield code="t">belorusskai︠a︡ gosudarstvennostʹ nakanune i v period Velikoĭ otechestvennoĭ voĭny i poslevoennogo vosstanovlenii︠a︡ (1939-1953 gg.)</subfield>
  </datafield>
  <datafield tag="880" ind1="1" ind2="0">
    <subfield code="6">505-03/(N</subfield>
    <subfield code="g">Том первый :</subfield>
    <subfield code="t">белорусская государственность от истоков до конца ХVIII в.</subfield>
    <subfield code="g">-- Том второй :</subfield>
    <subfield code="t">белорусская государственность в период Российской империи (конец XVIII--начало ХХ в.)</subfield>
  </datafield>
  <datafield tag="500" ind1=" " ind2=" ">
    <subfield code="a">Record based on volumes 1 and 2.</subfield>
  </datafield>
  <datafield tag="651" ind1=" " ind2="0">
    <subfield code="a">Belarus</subfield>
    <subfield code="x">History.</subfield>
  </datafield>
  <datafield tag="651" ind1=" " ind2="0">
    <subfield code="a">Bearus</subfield>
    <subfield code="x">Politics and government.</subfield>
  </datafield>
  <datafield tag="700" ind1="1" ind2=" ">
    <subfield code="6">880-04</subfield>
    <subfield code="a">Kavaleni︠a︡, A. A.</subfield>
    <subfield code="q">(Ali︠a︡ksandr Ali︠a︡ksandravich),</subfield>
    <subfield code="e">editor,</subfield>
    <subfield code="e">author.</subfield>
  </datafield>
  <datafield tag="880" ind1="1" ind2=" ">
    <subfield code="6">700-04/(N</subfield>
    <subfield code="a">Коваленя, А. А.</subfield>
    <subfield code="q">(Александр Александрович),</subfield>
    <subfield code="e">editor,</subfield>
    <subfield code="e">author.</subfield>
  </datafield>
  <datafield tag="710" ind1="2" ind2=" ">
    <subfield code="a">Instytut historyi (Natsyi︠a︡nalʹnai︠a︡ akadėmii︠a︡ navuk Belarusi),</subfield>
    <subfield code="e">sponsoring body.</subfield>
  </datafield>
  <datafield tag="923" ind1=" " ind2=" ">
    <subfield code="d">20190201</subfield>
    <subfield code="n">10239793</subfield>
    <subfield code="s">RuMoEVIS</subfield>
  </datafield>
  <datafield tag="985" ind1=" " ind2=" ">
    <subfield code="e">VENDOR LOAD</subfield>
  </datafield>
</record>