
<record>
  <leader>03739cam a22004457i 4500</leader>
  <controlfield tag="001">20851770</controlfield>
  <controlfield tag="005">20200102150751.0</controlfield>
  <controlfield tag="008">190211s2019    enk      b    001 0 eng d</controlfield>
  <datafield tag="906" ind1=" " ind2=" ">
    <subfield code="a">7</subfield>
    <subfield code="b">cbc</subfield>
    <subfield code="c">copycat</subfield>
    <subfield code="d">2</subfield>
    <subfield code="e">ncip</subfield>
    <subfield code="f">20</subfield>
    <subfield code="g">y-gencatlg</subfield>
  </datafield>
  <datafield tag="925" ind1="0" ind2=" ">
    <subfield code="a">acquire</subfield>
    <subfield code="b">1 shelf copy</subfield>
    <subfield code="x">policy default</subfield>
  </datafield>
  <datafield tag="955" ind1=" " ind2=" ">
    <subfield code="b">rk06 2019-11-30 z-processor</subfield>
    <subfield code="i">rk06 2019-12-05 telework to BCCD</subfield>
  </datafield>
  <datafield tag="010" ind1=" " ind2=" ">
    <subfield code="a">  2019934012</subfield>
  </datafield>
  <datafield tag="015" ind1=" " ind2=" ">
    <subfield code="a">GBB9E1951</subfield>
    <subfield code="2">bnb</subfield>
  </datafield>
  <datafield tag="016" ind1="7" ind2=" ">
    <subfield code="a">019511338</subfield>
    <subfield code="2">Uk</subfield>
  </datafield>
  <datafield tag="020" ind1=" " ind2=" ">
    <subfield code="a">0198789610</subfield>
    <subfield code="q">hardback</subfield>
  </datafield>
  <datafield tag="020" ind1=" " ind2=" ">
    <subfield code="a">9780198789611</subfield>
    <subfield code="q">hardback</subfield>
  </datafield>
  <datafield tag="035" ind1=" " ind2=" ">
    <subfield code="a">(OCoLC)on1081251761</subfield>
  </datafield>
  <datafield tag="040" ind1=" " ind2=" ">
    <subfield code="a">YDX</subfield>
    <subfield code="b">eng</subfield>
    <subfield code="c">YDX</subfield>
    <subfield code="e">rda</subfield>
    <subfield code="d">BDX</subfield>
    <subfield code="d">UKMGB</subfield>
    <subfield code="d">OCLCO</subfield>
    <subfield code="d">ERASA</subfield>
    <subfield code="d">OCLCF</subfield>
    <subfield code="d">YDX</subfield>
    <subfield code="d">YDXIT</subfield>
    <subfield code="d">OCLCQ</subfield>
    <subfield code="d">DLC</subfield>
  </datafield>
  <datafield tag="042" ind1=" " ind2=" ">
    <subfield code="a">lccopycat</subfield>
  </datafield>
  <datafield tag="043" ind1=" " ind2=" ">
    <subfield code="a">e-uk---</subfield>
  </datafield>
  <datafield tag="050" ind1="0" ind2="0">
    <subfield code="a">BR1642.G7</subfield>
    <subfield code="b">S77 2019</subfield>
  </datafield>
  <datafield tag="082" ind1="0" ind2="4">
    <subfield code="a">270.82</subfield>
    <subfield code="2">23</subfield>
  </datafield>
  <datafield tag="100" ind1="1" ind2=" ">
    <subfield code="a">Strhan, Anna,</subfield>
    <subfield code="e">author.</subfield>
  </datafield>
  <datafield tag="245" ind1="1" ind2="4">
    <subfield code="a">The figure of the child in contemporary Evangelicalism /</subfield>
    <subfield code="c">Anna Strhan.</subfield>
  </datafield>
  <datafield tag="250" ind1=" " ind2=" ">
    <subfield code="a">First edition.</subfield>
  </datafield>
  <datafield tag="264" ind1=" " ind2="1">
    <subfield code="a">Oxford :</subfield>
    <subfield code="b">Oxford University Press,</subfield>
    <subfield code="c">2019.</subfield>
  </datafield>
  <datafield tag="300" ind1=" " ind2=" ">
    <subfield code="a">viii, 232 pages ;</subfield>
    <subfield code="c">24 cm</subfield>
  </datafield>
  <datafield tag="336" ind1=" " ind2=" ">
    <subfield code="a">text</subfield>
    <subfield code="b">txt</subfield>
    <subfield code="2">rdacontent</subfield>
  </datafield>
  <datafield tag="337" ind1=" " ind2=" ">
    <subfield code="a">unmediated</subfield>
    <subfield code="b">n</subfield>
    <subfield code="2">rdamedia</subfield>
  </datafield>
  <datafield tag="338" ind1=" " ind2=" ">
    <subfield code="a">volume</subfield>
    <subfield code="b">nc</subfield>
    <subfield code="2">rdacarrier</subfield>
  </datafield>
  <datafield tag="504" ind1=" " ind2=" ">
    <subfield code="a">Includes bibliographical references and index.</subfield>
  </datafield>
  <datafield tag="520" ind1="8" ind2=" ">
    <subfield code="a">What does it mean to grow up as an evangelical Christian today? What meanings does &apos;childhood&apos; have for evangelical adults? How does this shape their engagements with children and with schools? And what does this mean for the everyday realities of children&apos;s lives? Based on in-depth ethnographic fieldwork carried out in three contrasting evangelical churches in the UK, Anna Strhan reveals how attending to the significance of children within evangelicalism deepens understanding of evangelicals&apos; hopes, fears and concerns, not only for children, but for wider British society. Developing a new, relational approach to the study of children and religion, Strhan invites the reader to consider both the complexities of children&apos;s agency and how the figure of the child shapes the hopes, fears, and imaginations of adults, within and beyond evangelicalism. 0The Figure of the Child in Contemporary Evangelicalism explores the lived realities of how evangelical Christians engage with children across the spaces of church, school, home, and other informal educational spaces in a de-christianizing cultural context, how children experience these forms of engagement, and the meanings and significance of childhood. Providing insight into different churches&apos; contemporary cultural and moral orientations, the book reveals how conservative evangelicals experience their understanding of childhood as increasingly countercultural, while charismatic and open evangelicals locate their work with children as a significant means of engaging with wider secular society. Setting out an approach that explores the relations between the figure of the child, children&apos;s experiences, and how adult religious subjectivities are formed in both imagined and practical relationships with children, this study situates childhood as an important area of study within the sociology of religion and examines how we should approach childhood within this field, both theoretically and methodologically.</subfield>
  </datafield>
  <datafield tag="650" ind1=" " ind2="0">
    <subfield code="a">Evangelicalism</subfield>
    <subfield code="z">Great Britain.</subfield>
  </datafield>
  <datafield tag="650" ind1=" " ind2="0">
    <subfield code="a">Children</subfield>
    <subfield code="x">Religious life</subfield>
    <subfield code="z">Great Britain.</subfield>
  </datafield>
  <datafield tag="650" ind1=" " ind2="0">
    <subfield code="a">Children</subfield>
    <subfield code="x">Religious aspects.</subfield>
  </datafield>
  <datafield tag="650" ind1=" " ind2="7">
    <subfield code="a">Children</subfield>
    <subfield code="x">Religious aspects.</subfield>
    <subfield code="2">fast</subfield>
    <subfield code="0">(OCoLC)fst00855113</subfield>
  </datafield>
  <datafield tag="650" ind1=" " ind2="7">
    <subfield code="a">Children</subfield>
    <subfield code="x">Religious life.</subfield>
    <subfield code="2">fast</subfield>
    <subfield code="0">(OCoLC)fst00855114</subfield>
  </datafield>
  <datafield tag="650" ind1=" " ind2="7">
    <subfield code="a">Evangelicalism.</subfield>
    <subfield code="2">fast</subfield>
    <subfield code="0">(OCoLC)fst00917002</subfield>
  </datafield>
  <datafield tag="651" ind1=" " ind2="7">
    <subfield code="a">Great Britain.</subfield>
    <subfield code="2">fast</subfield>
    <subfield code="0">(OCoLC)fst01204623</subfield>
  </datafield>
  <datafield tag="776" ind1="0" ind2="8">
    <subfield code="i">Electronic version:</subfield>
    <subfield code="a">Strhan, Anna.</subfield>
    <subfield code="t">Figure of the child in contemporary Evangelicalism.</subfield>
    <subfield code="d">Oxford : Oxford University Press, 2019</subfield>
    <subfield code="z">9780191831393</subfield>
    <subfield code="w">(OCoLC)1104063758</subfield>
  </datafield>
</record>