
<record>
  <leader>03117cam a22003858i 4500</leader>
  <controlfield tag="001">20862456</controlfield>
  <controlfield tag="005">20200102102001.0</controlfield>
  <controlfield tag="008">190222s2019    be       b    001 0 eng  </controlfield>
  <datafield tag="906" ind1=" " ind2=" ">
    <subfield code="a">7</subfield>
    <subfield code="b">cbc</subfield>
    <subfield code="c">orignew</subfield>
    <subfield code="d">1</subfield>
    <subfield code="e">ecip</subfield>
    <subfield code="f">20</subfield>
    <subfield code="g">y-gencatlg</subfield>
  </datafield>
  <datafield tag="925" ind1="0" ind2=" ">
    <subfield code="a">acquire</subfield>
    <subfield code="b">1 shelf copy</subfield>
    <subfield code="x">policy default</subfield>
  </datafield>
  <datafield tag="955" ind1=" " ind2=" ">
    <subfield code="b">xk13 2019-02-22</subfield>
    <subfield code="i">xk13 2019-02-22 (telework) HOLD: to PSD (CLED);</subfield>
    <subfield code="e">td14 2020-01-02 class proposal not approved; reclassed; to Dewey</subfield>
    <subfield code="w">xm04 2020-01-03</subfield>
  </datafield>
  <datafield tag="010" ind1=" " ind2=" ">
    <subfield code="a">  2019002663</subfield>
  </datafield>
  <datafield tag="020" ind1=" " ind2=" ">
    <subfield code="a">9782807607477</subfield>
  </datafield>
  <datafield tag="020" ind1=" " ind2=" ">
    <subfield code="z">9782807607484 (epdf)</subfield>
  </datafield>
  <datafield tag="020" ind1=" " ind2=" ">
    <subfield code="z">9782807607491 (epub)</subfield>
  </datafield>
  <datafield tag="020" ind1=" " ind2=" ">
    <subfield code="z">9782807607507 (mobi)</subfield>
  </datafield>
  <datafield tag="040" ind1=" " ind2=" ">
    <subfield code="a">DLC</subfield>
    <subfield code="b">eng</subfield>
    <subfield code="e">rda</subfield>
    <subfield code="c">DLC</subfield>
  </datafield>
  <datafield tag="042" ind1=" " ind2=" ">
    <subfield code="a">pcc</subfield>
  </datafield>
  <datafield tag="050" ind1="0" ind2="0">
    <subfield code="a">P40.5.E75</subfield>
    <subfield code="b">P73 2019</subfield>
  </datafield>
  <datafield tag="082" ind1="0" ind2="0">
    <subfield code="a">306.44</subfield>
    <subfield code="2">23</subfield>
  </datafield>
  <datafield tag="245" ind1="0" ind2="0">
    <subfield code="a">Pragmatic competence in L2 :</subfield>
    <subfield code="b">focus on politeness /</subfield>
    <subfield code="c">Thomas Szende and George Alao [editors].</subfield>
  </datafield>
  <datafield tag="263" ind1=" " ind2=" ">
    <subfield code="a">1906</subfield>
  </datafield>
  <datafield tag="264" ind1=" " ind2="1">
    <subfield code="a">Bruxelles ;</subfield>
    <subfield code="a">New York :</subfield>
    <subfield code="b">Peter Lang,</subfield>
    <subfield code="c">2019.</subfield>
  </datafield>
  <datafield tag="300" ind1=" " ind2=" ">
    <subfield code="a">pages cm</subfield>
  </datafield>
  <datafield tag="336" ind1=" " ind2=" ">
    <subfield code="a">text</subfield>
    <subfield code="b">txt</subfield>
    <subfield code="2">rdacontent</subfield>
  </datafield>
  <datafield tag="337" ind1=" " ind2=" ">
    <subfield code="a">unmediated</subfield>
    <subfield code="b">n</subfield>
    <subfield code="2">rdamedia</subfield>
  </datafield>
  <datafield tag="338" ind1=" " ind2=" ">
    <subfield code="a">volume</subfield>
    <subfield code="b">nc</subfield>
    <subfield code="2">rdacarrier</subfield>
  </datafield>
  <datafield tag="504" ind1=" " ind2=" ">
    <subfield code="a">Includes bibliographical references and index.</subfield>
  </datafield>
  <datafield tag="505" ind1="0" ind2=" ">
    <subfield code="a">Anthony J. LIDDICOAT &amp; Troy McCONACHY:  Meta-pragmatic awareness and agency in language learners: constructions of politeness  --  Peter STOCKINGER:    The topos of polite behavior: Exploring thematic, narrative and discursive structures of a lexical field -- Istvan KECSKES: Is impoliteness a part of pragmatic competence in L2 --  Helene DE PENANROS:  When politeness is in the detail: the case of an imperative in Russian -- Junji GONG &amp; Joel BELLASSEN: Teaching fictive kinship terms in Chinese as a foreign language --  San San HNIN TUN: Expressing politeness with discourse particles in Myanmar language --  Festus A. SOYOYE: Politeness and terms of address and reference in French and Yoruba -- Jin-Ok KIM: Expression of politeness in Korean as a foreign language: diversity of linguistic means and order of acquisition -- Louise OUVRARD: Teaching address pronouns and politeness in Malagasy -- Viet Anh NGUYEN: Modelling a new approach to researching and teaching politeness in Vietnamese --  Orsolya MARàTI: Politeness and pragmatic competence in teaching Hungarian as a second language: successes and pitfalls -- Marijana PETROVI: Should impoliteness be taught? -- Shima MOALLEMI: L2 socialization, construction of bilingual pragmatic competence  and the Persian politeness system &quot;ta&apos;rof&quot; --  Festus A. SOYOYE, Tajudeen A. OSUNNIRAN &amp; Joy C. NNABUIFE: A contrastive analysis of politeness strategies in Francophone and Igbo commercial interactions -- Christelle HOPPE: Critical thinking, cognitive presence and social languages in an LMOOC --  Elise Solange BAGAMBOULA: Politeness or buzit£ (&quot;respect&quot;) in Kikoongo (Laari).</subfield>
  </datafield>
  <datafield tag="650" ind1=" " ind2="0">
    <subfield code="a">Politeness (Linguistics)</subfield>
  </datafield>
  <datafield tag="650" ind1=" " ind2="0">
    <subfield code="a">Language and languages</subfield>
    <subfield code="x">Study and teaching</subfield>
    <subfield code="x">Foreign speakers.</subfield>
  </datafield>
  <datafield tag="650" ind1=" " ind2="0">
    <subfield code="a">Second language acquisition</subfield>
    <subfield code="x">Social aspects.</subfield>
  </datafield>
  <datafield tag="700" ind1="1" ind2=" ">
    <subfield code="a">Szende, Tamás,</subfield>
    <subfield code="e">editor.</subfield>
  </datafield>
  <datafield tag="700" ind1="1" ind2=" ">
    <subfield code="a">Alao, George,</subfield>
    <subfield code="e">editor.</subfield>
  </datafield>
  <datafield tag="963" ind1=" " ind2=" ">
    <subfield code="a">Morgane Raveyts; phone: +32-2 347 72 36; email: m.raveyts@peterlang.com; bc: a.frey@peterlang.com</subfield>
  </datafield>
</record>