
<record>
  <leader>03903cam a22004695i 4500</leader>
  <controlfield tag="001">20863740</controlfield>
  <controlfield tag="005">20200102095117.0</controlfield>
  <controlfield tag="008">181123t20182018mx a   f b    000 0 spa c</controlfield>
  <datafield tag="906" ind1=" " ind2=" ">
    <subfield code="a">0</subfield>
    <subfield code="b">ibc</subfield>
    <subfield code="c">pccadap</subfield>
    <subfield code="d">2</subfield>
    <subfield code="e">ncip</subfield>
    <subfield code="f">20</subfield>
    <subfield code="g">y-gencatlg</subfield>
  </datafield>
  <datafield tag="925" ind1="0" ind2=" ">
    <subfield code="a">acquire</subfield>
    <subfield code="b">1 shelf copy</subfield>
    <subfield code="x">policy default</subfield>
  </datafield>
  <datafield tag="955" ind1=" " ind2=" ">
    <subfield code="b">bf11 2019-04-25 z-processor</subfield>
    <subfield code="i">bf11 2019-04-25 to POLICY/DATA</subfield>
  </datafield>
  <datafield tag="955" ind1=" " ind2=" ">
    <subfield code="a">ve07 2019-02-22</subfield>
    <subfield code="b">bf27 2019-03-19 to ALAWE/MCAC</subfield>
  </datafield>
  <datafield tag="010" ind1=" " ind2=" ">
    <subfield code="a">  2018486851</subfield>
  </datafield>
  <datafield tag="020" ind1=" " ind2=" ">
    <subfield code="a">9786071656599</subfield>
    <subfield code="q">(FCE)</subfield>
  </datafield>
  <datafield tag="020" ind1=" " ind2=" ">
    <subfield code="a">6071656591</subfield>
    <subfield code="q">(FCE)</subfield>
  </datafield>
  <datafield tag="020" ind1=" " ind2=" ">
    <subfield code="a">9786073002783</subfield>
    <subfield code="q">(UNAM)</subfield>
  </datafield>
  <datafield tag="020" ind1=" " ind2=" ">
    <subfield code="a">6073002785</subfield>
    <subfield code="q">(UNAM)</subfield>
  </datafield>
  <datafield tag="035" ind1=" " ind2=" ">
    <subfield code="a">(OCoLC)on1062360619</subfield>
  </datafield>
  <datafield tag="040" ind1=" " ind2=" ">
    <subfield code="a">FUG</subfield>
    <subfield code="b">eng</subfield>
    <subfield code="c">FUG</subfield>
    <subfield code="e">rda</subfield>
    <subfield code="d">OCLCF</subfield>
    <subfield code="d">DLC</subfield>
  </datafield>
  <datafield tag="042" ind1=" " ind2=" ">
    <subfield code="a">pcc</subfield>
  </datafield>
  <datafield tag="043" ind1=" " ind2=" ">
    <subfield code="a">n-mx---</subfield>
  </datafield>
  <datafield tag="050" ind1="0" ind2="0">
    <subfield code="a">RA395.M6</subfield>
    <subfield code="b">R58 2018</subfield>
  </datafield>
  <datafield tag="245" ind1="0" ind2="0">
    <subfield code="a">Ritmo y rumbo de la salud en México :</subfield>
    <subfield code="b">conversaciones con los secretarios de salud 1982-2018 /</subfield>
    <subfield code="c">Germán Fajardo Dolci (coordinador).</subfield>
  </datafield>
  <datafield tag="250" ind1=" " ind2=" ">
    <subfield code="a">Primera edición.</subfield>
  </datafield>
  <datafield tag="264" ind1=" " ind2="1">
    <subfield code="a">Ciudad de México :</subfield>
    <subfield code="b">Universidad Nacional Autónoma de México, Facultad de Medicina :</subfield>
    <subfield code="b">Fondo de Cultura Económica,</subfield>
    <subfield code="c">2018.</subfield>
  </datafield>
  <datafield tag="264" ind1=" " ind2="4">
    <subfield code="c">©2018</subfield>
  </datafield>
  <datafield tag="300" ind1=" " ind2=" ">
    <subfield code="a">189 pages :</subfield>
    <subfield code="b">illustrations ;</subfield>
    <subfield code="c">23 cm.</subfield>
  </datafield>
  <datafield tag="336" ind1=" " ind2=" ">
    <subfield code="a">text</subfield>
    <subfield code="b">txt</subfield>
    <subfield code="2">rdacontent</subfield>
  </datafield>
  <datafield tag="337" ind1=" " ind2=" ">
    <subfield code="a">unmediated</subfield>
    <subfield code="b">n</subfield>
    <subfield code="2">rdamedia</subfield>
  </datafield>
  <datafield tag="338" ind1=" " ind2=" ">
    <subfield code="a">volume</subfield>
    <subfield code="b">nc</subfield>
    <subfield code="2">rdacarrier</subfield>
  </datafield>
  <datafield tag="490" ind1="1" ind2=" ">
    <subfield code="a">Biblioteca de la salud. Testimonios</subfield>
  </datafield>
  <datafield tag="504" ind1=" " ind2=" ">
    <subfield code="a">Includes bibliographical references (pages 38-40).</subfield>
  </datafield>
  <datafield tag="505" ind1="0" ind2=" ">
    <subfield code="a">Presentación / Enrique Graue Wiechers -- Prólogo / Germán Fajardo Dolci -- Introducción, La Secretaria de Salubridad y Asistencia, 1943-1983 / Carlos Viesca Treviño --  Guillermo Soberón Acevedo -- Jaime Sepúlveda Amor, a nombre de Jesús Kumate Rodriguez -- Juan Ramón de la Fuente Ramirez -- José Antonio González Fernández -- Julio Frenk Mora -- José Angel Córdova Villalobos -- Salomón Chertorivski Woldenberg -- Mercedes Juan López -- José Narro Robles -- Epilogo. Los rumbos de la salud en México / Germán Fajardo Dolci -- Semblanzas.</subfield>
  </datafield>
  <datafield tag="520" ind1=" " ind2=" ">
    <subfield code="a">&quot;La gestión del Estado mexicano por la salud de sus ciudadanos es una de las que ha tenido mayor continuidad a pesar de los avatares sociales, económicos y politicos a los que se ha enfrentado el pais en las filtimas décadas. Desde 1982 se ha implementado una transformación del sistema de salud mexicano: de uno donde el acceso a la salud era posible mediante la seguridad social--es decir, por un empleo formala uno de protección universal, donde la salud es considerada un derecho fundamental garantizado por la Constitución. El presente volumen recoge la voz y la experiencia de Guillermo Soberón Acevedo, Jaime Sepúlveda Amo--a nombre de Jesús Kumate Rodriguez--Juan Ramón de la Fuente Ramirez, José Antonio González Fernández, Julio Frenk  Mora, José Angel Córdova Villalobos, Salomón Chertorivski Woldenberg, Mercedes Juan López y José Narro Robles. Se trata de ocho de los secretarios de Salud y un subsecretario, protagonistas de esta transformación, quienes permiten apreciar lo que puede significar la culminación de este esfuerzo: el establecimiento de un sistema de salud único, más eficiente, basado en la atención primaria y en la participación ciudadana.&quot;--Page 4 of cover.</subfield>
  </datafield>
  <datafield tag="588" ind1=" " ind2=" ">
    <subfield code="a">This bibliographic record is available under the Creative Commons CC0 &quot;No Rights Reserved&quot; license. The University of Florida Libraries, as creator of this bibliographic record, has waived all rights to it worldwide under copyright law, including all related and neighboring rights, to the extent allowed by law.</subfield>
  </datafield>
  <datafield tag="650" ind1=" " ind2="0">
    <subfield code="a">Medical policy</subfield>
    <subfield code="z">Mexico</subfield>
    <subfield code="x">History.</subfield>
  </datafield>
  <datafield tag="610" ind1="1" ind2="0">
    <subfield code="a">Mexico.</subfield>
    <subfield code="b">Secretaría de Salud</subfield>
    <subfield code="x">History.</subfield>
  </datafield>
  <datafield tag="650" ind1=" " ind2="0">
    <subfield code="a">Health ministers</subfield>
    <subfield code="z">Mexico</subfield>
    <subfield code="v">Interviews.</subfield>
  </datafield>
  <datafield tag="700" ind1="1" ind2=" ">
    <subfield code="a">Fajardo Dolci, Germán,</subfield>
    <subfield code="e">editor,</subfield>
    <subfield code="e">interviewer.</subfield>
  </datafield>
  <datafield tag="830" ind1=" " ind2="0">
    <subfield code="a">Biblioteca de la salud (Mexico City, Mexico).</subfield>
    <subfield code="p">Testimonios.</subfield>
  </datafield>
  <datafield tag="923" ind1=" " ind2=" ">
    <subfield code="d">20181213</subfield>
    <subfield code="n">82942</subfield>
    <subfield code="s">MxMxBFM</subfield>
  </datafield>
  <datafield tag="985" ind1=" " ind2=" ">
    <subfield code="e">VENDOR LOAD</subfield>
  </datafield>
</record>