
<record>
  <leader>02402cam a2200397 i 4500</leader>
  <controlfield tag="001">20866589</controlfield>
  <controlfield tag="005">20200102112029.0</controlfield>
  <controlfield tag="008">190212s2019    inuag    b    001 0 eng c</controlfield>
  <datafield tag="906" ind1=" " ind2=" ">
    <subfield code="a">7</subfield>
    <subfield code="b">cbc</subfield>
    <subfield code="c">orignew</subfield>
    <subfield code="d">1</subfield>
    <subfield code="e">ecip</subfield>
    <subfield code="f">20</subfield>
    <subfield code="g">y-gencatlg</subfield>
  </datafield>
  <datafield tag="925" ind1="0" ind2=" ">
    <subfield code="a">acquire</subfield>
    <subfield code="b">1 shelf copy</subfield>
    <subfield code="x">policy default</subfield>
  </datafield>
  <datafield tag="955" ind1=" " ind2=" ">
    <subfield code="a">ICU</subfield>
    <subfield code="i">vl31 2019-03-12 telework</subfield>
    <subfield code="e">vl31 2019-03-13 to SHED</subfield>
    <subfield code="a">td04 2019-04-17 to Dewey</subfield>
    <subfield code="w">xm07 2019-04-17</subfield>
    <subfield code="a">hh12 2019-06-10 On Order for MBRS</subfield>
    <subfield code="a">xn17 2019-06-17 1 copy rec&apos;d., to CIP ver.</subfield>
    <subfield code="f">vl34 2019-07-02 MCIP Ver to Music Division</subfield>
    <subfield code="e">vl34 2019-07-02 c. 2 (pbk)to Surplus</subfield>
    <subfield code="a">hh12 2019-08-29 bk. received. Bk sent to K. Fishman</subfield>
  </datafield>
  <datafield tag="010" ind1=" " ind2=" ">
    <subfield code="a">  2019006813</subfield>
  </datafield>
  <datafield tag="020" ind1=" " ind2=" ">
    <subfield code="a">9780253041180</subfield>
    <subfield code="q">hardcover</subfield>
    <subfield code="q">alkaline paper</subfield>
  </datafield>
  <datafield tag="020" ind1=" " ind2=" ">
    <subfield code="a">9780253041197</subfield>
    <subfield code="q">paperback</subfield>
    <subfield code="q">alkaline paper</subfield>
  </datafield>
  <datafield tag="040" ind1=" " ind2=" ">
    <subfield code="a">ICU/DLC</subfield>
    <subfield code="b">eng</subfield>
    <subfield code="c">ICU</subfield>
    <subfield code="e">rda</subfield>
    <subfield code="d">DLC</subfield>
  </datafield>
  <datafield tag="042" ind1=" " ind2=" ">
    <subfield code="a">pcc</subfield>
  </datafield>
  <datafield tag="043" ind1=" " ind2=" ">
    <subfield code="a">e-ur---</subfield>
    <subfield code="a">n-us-ny</subfield>
  </datafield>
  <datafield tag="050" ind1="0" ind2="0">
    <subfield code="a">ML3477.8.N48</subfield>
    <subfield code="b">Z45 2019</subfield>
  </datafield>
  <datafield tag="082" ind1="0" ind2="0">
    <subfield code="a">780.89/917107471</subfield>
    <subfield code="2">23</subfield>
  </datafield>
  <datafield tag="100" ind1="1" ind2=" ">
    <subfield code="a">Zelensky, Natalie K.,</subfield>
    <subfield code="e">author.</subfield>
  </datafield>
  <datafield tag="245" ind1="1" ind2="0">
    <subfield code="a">Performing tsarist Russia in New York :</subfield>
    <subfield code="b">music, emigres, and the American imagination /</subfield>
    <subfield code="c">Natalie K. Zelensky.</subfield>
  </datafield>
  <datafield tag="264" ind1=" " ind2="1">
    <subfield code="a">Bloomington, Indiana :</subfield>
    <subfield code="b">Indiana University Press,</subfield>
    <subfield code="c">2019.</subfield>
  </datafield>
  <datafield tag="300" ind1=" " ind2=" ">
    <subfield code="a">xiii, 235 pages :</subfield>
    <subfield code="b">illustrations,  music ;</subfield>
    <subfield code="c">23 cm.</subfield>
  </datafield>
  <datafield tag="336" ind1=" " ind2=" ">
    <subfield code="a">text</subfield>
    <subfield code="b">txt</subfield>
    <subfield code="2">rdacontent</subfield>
  </datafield>
  <datafield tag="337" ind1=" " ind2=" ">
    <subfield code="a">unmediated</subfield>
    <subfield code="b">n</subfield>
    <subfield code="2">rdamedia</subfield>
  </datafield>
  <datafield tag="338" ind1=" " ind2=" ">
    <subfield code="a">volume</subfield>
    <subfield code="b">nc</subfield>
    <subfield code="2">rdacarrier</subfield>
  </datafield>
  <datafield tag="490" ind1="1" ind2=" ">
    <subfield code="a">Russian music studies</subfield>
  </datafield>
  <datafield tag="505" ind1="0" ind2=" ">
    <subfield code="a">Performing a la russe : music, migration, and the white Russians in 1920s Harlem -- New York&apos;s Russian vogue: the Fox-Trotsky and other musical delights -- Emigration at the boundary : Russian DPs, second generation emigres, and Soviet song in the World War II era -- Radio Liberty, Vernon Duke, and the &quot;internal&quot; emigre voice in Cold War broadcasting -- Old Russia at the Pierre : music, enchantment, and the dancing body in twenty-first century New York.</subfield>
  </datafield>
  <datafield tag="504" ind1=" " ind2=" ">
    <subfield code="a">Includes bibliographical references and index.</subfield>
  </datafield>
  <datafield tag="650" ind1=" " ind2="0">
    <subfield code="a">Popular music</subfield>
    <subfield code="z">New York (State)</subfield>
    <subfield code="z">New York</subfield>
    <subfield code="x">History and criticism.</subfield>
  </datafield>
  <datafield tag="650" ind1=" " ind2="0">
    <subfield code="a">Music</subfield>
    <subfield code="z">New York (State)</subfield>
    <subfield code="z">New York</subfield>
    <subfield code="x">Russian influences.</subfield>
  </datafield>
  <datafield tag="650" ind1=" " ind2="0">
    <subfield code="a">Russians</subfield>
    <subfield code="z">New York (State)</subfield>
    <subfield code="z">New York.</subfield>
  </datafield>
  <datafield tag="776" ind1="0" ind2="8">
    <subfield code="i">Online version:</subfield>
    <subfield code="a">Zelensky, Natalie K., author.</subfield>
    <subfield code="t">Performing tsarist Russia in New York</subfield>
    <subfield code="d">Bloomington : Indiana University Press, 2019</subfield>
    <subfield code="z">9780253041203</subfield>
    <subfield code="w">(DLC) 2019019202</subfield>
  </datafield>
  <datafield tag="830" ind1=" " ind2="0">
    <subfield code="a">Russian music studies.</subfield>
  </datafield>
  <datafield tag="923" ind1=" " ind2=" ">
    <subfield code="a">Purchas</subfield>
    <subfield code="d">20190610</subfield>
    <subfield code="n">345039</subfield>
    <subfield code="s">Alibris</subfield>
  </datafield>
  <datafield tag="985" ind1=" " ind2=" ">
    <subfield code="a">ICUCIP</subfield>
    <subfield code="d">2019-02-26</subfield>
  </datafield>
</record>