
<record>
  <leader>03611cam a2200445 i 4500</leader>
  <controlfield tag="001">20875474</controlfield>
  <controlfield tag="005">20200102133051.0</controlfield>
  <controlfield tag="008">190304s2019    enka     b    001 0 eng c</controlfield>
  <datafield tag="906" ind1=" " ind2=" ">
    <subfield code="a">7</subfield>
    <subfield code="b">cbc</subfield>
    <subfield code="c">pccadap</subfield>
    <subfield code="d">2</subfield>
    <subfield code="e">epcn</subfield>
    <subfield code="f">20</subfield>
    <subfield code="g">y-gencatlg</subfield>
  </datafield>
  <datafield tag="925" ind1="0" ind2=" ">
    <subfield code="a">acquire</subfield>
    <subfield code="b">1 shelf copy</subfield>
    <subfield code="x">policy default</subfield>
  </datafield>
  <datafield tag="955" ind1=" " ind2=" ">
    <subfield code="a">pc30 2019-03-04</subfield>
    <subfield code="a">xn11 2019-10-21 1 copy rec&apos;d., to USASH</subfield>
    <subfield code="b">xg31 2020-01-02 z-processor</subfield>
    <subfield code="i">xg31 2020-01-02 to LL</subfield>
  </datafield>
  <datafield tag="010" ind1=" " ind2=" ">
    <subfield code="a">  2019936267</subfield>
  </datafield>
  <datafield tag="015" ind1=" " ind2=" ">
    <subfield code="a">GBB9C1625</subfield>
    <subfield code="2">bnb</subfield>
  </datafield>
  <datafield tag="016" ind1="7" ind2=" ">
    <subfield code="a">019463265</subfield>
    <subfield code="2">Uk</subfield>
  </datafield>
  <datafield tag="020" ind1=" " ind2=" ">
    <subfield code="a">9782019936266</subfield>
  </datafield>
  <datafield tag="020" ind1=" " ind2=" ">
    <subfield code="a">9780198842187</subfield>
  </datafield>
  <datafield tag="035" ind1=" " ind2=" ">
    <subfield code="a">(OCoLC)on1103983126</subfield>
  </datafield>
  <datafield tag="040" ind1=" " ind2=" ">
    <subfield code="a">YDX</subfield>
    <subfield code="b">eng</subfield>
    <subfield code="c">YDX</subfield>
    <subfield code="e">rda</subfield>
    <subfield code="d">UKMGB</subfield>
    <subfield code="d">BDX</subfield>
    <subfield code="d">OCLCF</subfield>
    <subfield code="d">OCLCO</subfield>
    <subfield code="d">ERASA</subfield>
    <subfield code="d">OCLCQ</subfield>
    <subfield code="d">GUL</subfield>
    <subfield code="d">WLL</subfield>
    <subfield code="d">RCJ</subfield>
    <subfield code="d">DLC</subfield>
  </datafield>
  <datafield tag="042" ind1=" " ind2=" ">
    <subfield code="a">pcc</subfield>
  </datafield>
  <datafield tag="050" ind1="0" ind2="0">
    <subfield code="a">K564.C6</subfield>
    <subfield code="b">R439 2019</subfield>
  </datafield>
  <datafield tag="245" ind1="0" ind2="0">
    <subfield code="a">Regulating blockchain :</subfield>
    <subfield code="b">techno-social and legal challenges /</subfield>
    <subfield code="c">edited by Philipp Hacker, Ioannis Lianos, Georgios Dimitropoulos and Stefan Eich.</subfield>
  </datafield>
  <datafield tag="250" ind1=" " ind2=" ">
    <subfield code="a">First Edition.</subfield>
  </datafield>
  <datafield tag="264" ind1=" " ind2="1">
    <subfield code="a">Oxford, United Kingdom :</subfield>
    <subfield code="b">Oxford University Press,</subfield>
    <subfield code="c">2019.</subfield>
  </datafield>
  <datafield tag="300" ind1=" " ind2=" ">
    <subfield code="a">xiv, 443 pages :</subfield>
    <subfield code="b">illustrations ;</subfield>
    <subfield code="c">26 cm</subfield>
  </datafield>
  <datafield tag="336" ind1=" " ind2=" ">
    <subfield code="a">text</subfield>
    <subfield code="b">txt</subfield>
    <subfield code="2">rdacontent</subfield>
  </datafield>
  <datafield tag="337" ind1=" " ind2=" ">
    <subfield code="a">unmediated</subfield>
    <subfield code="b">n</subfield>
    <subfield code="2">rdamedia</subfield>
  </datafield>
  <datafield tag="338" ind1=" " ind2=" ">
    <subfield code="a">volume</subfield>
    <subfield code="b">nc</subfield>
    <subfield code="2">rdacarrier</subfield>
  </datafield>
  <datafield tag="504" ind1=" " ind2=" ">
    <subfield code="a">Includes bibliographical references and index.</subfield>
  </datafield>
  <datafield tag="505" ind1="0" ind2=" ">
    <subfield code="a">Regulating blockchain : techno-social and legal challenges: an introduction / Philipp Hacker, Ioannis Lianos, Georgio Dimitropoulos, and Stefan Eich -- The blockchain paradox / Paolo Tasca and Riccardo Piselli -- Blockchains, private ordering, and the future of governance / Jonathan Rohr and Aaron Wright -- In code(rs) we trust : software developers and fiduciaries in public blockchains / Angela Walch -- Old utopias, new tax havens : the politics of Bitcoin in historical perspective / Stefan Eich -- Monetary policy in the digital age / Claus D. Zimmermann -- Global currencies and domestic regulation : embedding through enabling? / Georgios Dimitropoulos -- Corporate governance for complex cryptocurrencies? a framework for stability and decision making in blockchain-based organizations / Philipp Hacker -- Banking in a digital fiat currency regime / Rohan Grey -- Regulating the shadow payment system : Bitcoin, mobile money, and beyond / Jonathan Greenacre -- Blockchain-based insurance / Michael Abramowicz -- Blockchain, securities markets, and central banking / Alexandros L. Seretakis -- The crypto-security : initial coin offerings and EU securities regulation / Philipp Hacker and Chris Thomale -- Regulation of blockchain token sales in the United States / Houman B. Shadab -- Blockchain and payment systems : a tale about re-intermediation / Agnieszka Janczuk-Gorywoda -- Conflicts of laws and codes : defining the boundaries of digital jurisdictions / Florian Möslein -- The judicialization of the blockchain / Pietro Ortolani -- Smart contracts : coding the transaction, decoding the legal debates / Roger Brownsword -- Blockchain competition : gaining competitive advantage in the digital economy : competition law implications / Ioannis Lianos</subfield>
  </datafield>
  <datafield tag="650" ind1=" " ind2="0">
    <subfield code="a">Blockchains (Databases)</subfield>
    <subfield code="x">Law and legislation.</subfield>
  </datafield>
  <datafield tag="650" ind1=" " ind2="0">
    <subfield code="a">Blockchains (Databases)</subfield>
    <subfield code="x">Social aspects.</subfield>
  </datafield>
  <datafield tag="650" ind1=" " ind2="0">
    <subfield code="a">Blockchains (Databases)</subfield>
    <subfield code="x">Economic aspects.</subfield>
  </datafield>
  <datafield tag="650" ind1=" " ind2="0">
    <subfield code="a">Financial services industry</subfield>
    <subfield code="x">Law and legislation.</subfield>
  </datafield>
  <datafield tag="650" ind1=" " ind2="0">
    <subfield code="a">Financial services industry</subfield>
    <subfield code="x">State supervision.</subfield>
  </datafield>
  <datafield tag="650" ind1=" " ind2="0">
    <subfield code="a">Electronic funds transfers</subfield>
    <subfield code="x">Law and legislation.</subfield>
  </datafield>
  <datafield tag="650" ind1=" " ind2="0">
    <subfield code="a">Digital currency</subfield>
    <subfield code="x">Law and legislation.</subfield>
  </datafield>
  <datafield tag="700" ind1="1" ind2=" ">
    <subfield code="a">Hacker, Philipp,</subfield>
    <subfield code="d">1983-</subfield>
    <subfield code="e">editor.</subfield>
  </datafield>
  <datafield tag="700" ind1="1" ind2=" ">
    <subfield code="a">Lianos, Ioannis,</subfield>
    <subfield code="e">editor.</subfield>
  </datafield>
  <datafield tag="700" ind1="1" ind2=" ">
    <subfield code="a">Dimitropoulos, Georgios,</subfield>
    <subfield code="d">1984-</subfield>
    <subfield code="e">editor.</subfield>
  </datafield>
  <datafield tag="700" ind1="1" ind2=" ">
    <subfield code="a">Eich, Stefan,</subfield>
    <subfield code="d">1983-</subfield>
    <subfield code="e">editor.</subfield>
  </datafield>
</record>