
<record>
  <leader>04745cam a2200421 i 4500</leader>
  <controlfield tag="001">20881961</controlfield>
  <controlfield tag="005">20200102103739.0</controlfield>
  <controlfield tag="008">190308t20192019nyuabf   b    001 0 eng  </controlfield>
  <datafield tag="906" ind1=" " ind2=" ">
    <subfield code="a">7</subfield>
    <subfield code="b">cbc</subfield>
    <subfield code="c">orignew</subfield>
    <subfield code="d">1</subfield>
    <subfield code="e">ecip</subfield>
    <subfield code="f">20</subfield>
    <subfield code="g">y-gencatlg</subfield>
  </datafield>
  <datafield tag="925" ind1="0" ind2=" ">
    <subfield code="a">acquire</subfield>
    <subfield code="b">1 shelf copy</subfield>
    <subfield code="x">policy default</subfield>
  </datafield>
  <datafield tag="955" ind1=" " ind2=" ">
    <subfield code="b">rf11 2019-03-08</subfield>
    <subfield code="c">rf11 2019-03-08 (telework)(ONIX); to SocSci for subj./class consideration</subfield>
    <subfield code="d">rm03 2019-03-13</subfield>
    <subfield code="e">rm11 2019-03-15 to Dewey</subfield>
    <subfield code="w">xm06 2019-03-18</subfield>
    <subfield code="a">xn17 2019-09-09 1 copy rec&apos;d., to CIP ver.</subfield>
    <subfield code="f">rm11 2019-09-12 CIP Ver to CALM</subfield>
  </datafield>
  <datafield tag="010" ind1=" " ind2=" ">
    <subfield code="a">  2019010428</subfield>
  </datafield>
  <datafield tag="020" ind1=" " ind2=" ">
    <subfield code="a">9780525656043</subfield>
    <subfield code="q">(hardback)</subfield>
  </datafield>
  <datafield tag="020" ind1=" " ind2=" ">
    <subfield code="z">9780525656050</subfield>
    <subfield code="q">(ebook)</subfield>
  </datafield>
  <datafield tag="040" ind1=" " ind2=" ">
    <subfield code="a">DLC</subfield>
    <subfield code="b">eng</subfield>
    <subfield code="c">DLC</subfield>
    <subfield code="e">rda</subfield>
    <subfield code="d">DLC</subfield>
  </datafield>
  <datafield tag="042" ind1=" " ind2=" ">
    <subfield code="a">pcc</subfield>
  </datafield>
  <datafield tag="043" ind1=" " ind2=" ">
    <subfield code="a">a-cc---</subfield>
  </datafield>
  <datafield tag="050" ind1="0" ind2="0">
    <subfield code="a">HX418</subfield>
    <subfield code="b">.L68 2019</subfield>
  </datafield>
  <datafield tag="082" ind1="0" ind2="0">
    <subfield code="a">335.43/45</subfield>
    <subfield code="2">23</subfield>
  </datafield>
  <datafield tag="084" ind1=" " ind2=" ">
    <subfield code="a">HIS008000</subfield>
    <subfield code="a">HIS037070</subfield>
    <subfield code="a">POL042000</subfield>
    <subfield code="2">bisacsh</subfield>
  </datafield>
  <datafield tag="100" ind1="1" ind2=" ">
    <subfield code="a">Lovell, Julia,</subfield>
    <subfield code="d">1975-</subfield>
    <subfield code="e">author.</subfield>
  </datafield>
  <datafield tag="245" ind1="1" ind2="0">
    <subfield code="a">Maoism :</subfield>
    <subfield code="b">a global history /</subfield>
    <subfield code="c">Julia Lovell.</subfield>
  </datafield>
  <datafield tag="250" ind1=" " ind2=" ">
    <subfield code="a">First United States Edition.</subfield>
  </datafield>
  <datafield tag="264" ind1=" " ind2="1">
    <subfield code="a">New York :</subfield>
    <subfield code="b">Alfred A. Knopf,</subfield>
    <subfield code="c">2019.</subfield>
  </datafield>
  <datafield tag="264" ind1=" " ind2="4">
    <subfield code="c">©2019</subfield>
  </datafield>
  <datafield tag="300" ind1=" " ind2=" ">
    <subfield code="a">610 pages, 24 unnumbered pages of plates :</subfield>
    <subfield code="b">illustrations (some color), color map ;</subfield>
    <subfield code="c">25 cm</subfield>
  </datafield>
  <datafield tag="336" ind1=" " ind2=" ">
    <subfield code="a">text</subfield>
    <subfield code="b">txt</subfield>
    <subfield code="2">rdacontent</subfield>
  </datafield>
  <datafield tag="337" ind1=" " ind2=" ">
    <subfield code="a">unmediated</subfield>
    <subfield code="b">n</subfield>
    <subfield code="2">rdamedia</subfield>
  </datafield>
  <datafield tag="338" ind1=" " ind2=" ">
    <subfield code="a">volume</subfield>
    <subfield code="b">nc</subfield>
    <subfield code="2">rdacarrier</subfield>
  </datafield>
  <datafield tag="504" ind1=" " ind2=" ">
    <subfield code="a">Includes bibliographical references (pages 495-588) and index.</subfield>
  </datafield>
  <datafield tag="520" ind1=" " ind2=" ">
    <subfield code="a">&quot;Since the heyday of Mao Zedong, there has never been a more crucial time to understand Maosim.  Although to Western eyes it seems that China has long abandoned the utopian turmoil of Maoism in favour of authoritarian capitalism, Mao and his ideas remain central to the People&apos; Republic and the legitimacy of its communist government. As disagreements and conflicts between China and the West are likely to mount, the need to understand the political legacy of Mao will only become more urgent.  Yet during Mao&apos;s lifetime and beyond, the power and appeal of Maoism has always extended beyond China. Across the globe, Maoism was a crucial motor of the Cold War: it shaped the course of the Vietnam War (and the international youth rebellion it triggered) and brought to power the murderous Khmer Rouge in Cambodia; it aided, and sometimes handed victory to, anti-colonial resistance movements in Africa; it inspired terrorism in Germany and Italy, and wars and insurgencies in Peru, India and Nepal, some of which are still with us today - more than forty years after the death of Mao.  In this new history, acclaimed historian Julia Lovell revaluates Maoism, analysing both China&apos;s engagement with the movement and its legacy on a global canvas. It&apos;s a story that takes us from the tea plantations of north India to the sierras of the Andes, from Paris&apos;s 5th Arrondissement to the fields of Tanzania, from the rice paddies of Cambodia to the terraces of Brixton.  Starting from the movement&apos;s birth in northwest China in the 1930s and unfolding right up to its present-day violent rebirth, this is the definitive history of global Maoism&quot;--</subfield>
    <subfield code="c">Provided by publisher.</subfield>
  </datafield>
  <datafield tag="520" ind1=" " ind2=" ">
    <subfield code="a">&quot;The untold story of how Maoist ideology spread throughout the world during the Cold War, playing a major role in shaping politics from Asia to Africa to the American left. This revelatory new work of world history challenges our understanding of the geopolitics of the twentieth century. While the Cold War is traditionally seen as a competition between Soviet communism and American capitalism, Maoism: A Global History shows for the first time how China played a central role in the struggle. Julia Lovell takes us to the movement&apos;s birth in northwest China in the 1930s and makes clear how, across the globe, Maoism was a crucial motor of the Cold War, shaping the course of the Vietnam War (and the international youth rebellion it triggered) and bringing to power the Khmer Rouge in Cambodia. Maoism also inspired anti-colonial resistance movements in Africa; terrorism in Germany and Italy, and wars and insurgencies in Peru, India, and Nepal, some of which are still with us today--more than forty years after Mao&apos;s death. Moving from the tea plantations of India to the Andes, from Paris&apos;s 5th Arrondissement to Tanzania, from the rice paddies of Cambodia and the Chicago protests of 1968 to the present-day violent rebirth of the ideology, this is the definitive history of global Maoism&quot;--</subfield>
    <subfield code="c">Provided by publisher.</subfield>
  </datafield>
  <datafield tag="650" ind1=" " ind2="0">
    <subfield code="a">Communism</subfield>
    <subfield code="z">China</subfield>
    <subfield code="x">History.</subfield>
  </datafield>
  <datafield tag="600" ind1="1" ind2="0">
    <subfield code="a">Mao, Zedong,</subfield>
    <subfield code="d">1893-1976.</subfield>
  </datafield>
  <datafield tag="650" ind1=" " ind2="7">
    <subfield code="a">HISTORY / Asia / China.</subfield>
    <subfield code="2">bisacsh</subfield>
  </datafield>
  <datafield tag="650" ind1=" " ind2="7">
    <subfield code="a">HISTORY / Modern / 20th Century.</subfield>
    <subfield code="2">bisacsh</subfield>
  </datafield>
  <datafield tag="650" ind1=" " ind2="7">
    <subfield code="a">POLITICAL SCIENCE / Political Ideologies / General.</subfield>
    <subfield code="2">bisacsh</subfield>
  </datafield>
  <datafield tag="776" ind1="0" ind2="8">
    <subfield code="i">Online version:</subfield>
    <subfield code="a">Lovell, Julia, 1975- author.</subfield>
    <subfield code="t">Maoism</subfield>
    <subfield code="d">New York : Knopf, 2019</subfield>
    <subfield code="z">9780525656050</subfield>
    <subfield code="w">(DLC) 2019013115</subfield>
  </datafield>
</record>