
<record>
  <leader>02590cam a2200529 i 4500</leader>
  <controlfield tag="001">20883536</controlfield>
  <controlfield tag="005">20200102141543.0</controlfield>
  <controlfield tag="008">190309s2018    bu            000 0 bul d</controlfield>
  <datafield tag="906" ind1=" " ind2=" ">
    <subfield code="a">0</subfield>
    <subfield code="b">ibc</subfield>
    <subfield code="c">copycat</subfield>
    <subfield code="d">3</subfield>
    <subfield code="e">epcn</subfield>
    <subfield code="f">20</subfield>
    <subfield code="g">y-nonroman</subfield>
  </datafield>
  <datafield tag="955" ind1=" " ind2=" ">
    <subfield code="b">fg23 2019-03-09</subfield>
    <subfield code="a">fg10 2020-01-02 z-processor JACKPHY</subfield>
    <subfield code="i">fg10 2020-01-02 telework</subfield>
  </datafield>
  <datafield tag="010" ind1=" " ind2=" ">
    <subfield code="a"> 2019366386 </subfield>
  </datafield>
  <datafield tag="016" ind1="7" ind2=" ">
    <subfield code="a">019296304</subfield>
    <subfield code="2">Uk</subfield>
  </datafield>
  <datafield tag="020" ind1=" " ind2=" ">
    <subfield code="a">9789542824893</subfield>
  </datafield>
  <datafield tag="020" ind1=" " ind2=" ">
    <subfield code="a">9542824890</subfield>
  </datafield>
  <datafield tag="035" ind1=" " ind2=" ">
    <subfield code="a">(OCoLC)on1105957193</subfield>
  </datafield>
  <datafield tag="040" ind1=" " ind2=" ">
    <subfield code="a">IXA</subfield>
    <subfield code="b">eng</subfield>
    <subfield code="c">IXA</subfield>
    <subfield code="e">rda</subfield>
    <subfield code="d">IXA</subfield>
    <subfield code="d">OCLCF</subfield>
    <subfield code="d">UKMGB</subfield>
    <subfield code="d">DLC</subfield>
  </datafield>
  <datafield tag="041" ind1="0" ind2=" ">
    <subfield code="a">bul</subfield>
  </datafield>
  <datafield tag="042" ind1=" " ind2=" ">
    <subfield code="a">lccopycat</subfield>
  </datafield>
  <datafield tag="043" ind1=" " ind2=" ">
    <subfield code="a">e-bu---</subfield>
  </datafield>
  <datafield tag="050" ind1="0" ind2="0">
    <subfield code="a">DR90</subfield>
    <subfield code="b">.E54 2018</subfield>
  </datafield>
  <datafield tag="100" ind1="1" ind2=" ">
    <subfield code="6">880-01</subfield>
    <subfield code="a">Elenkov, Ivan,</subfield>
    <subfield code="e">author.</subfield>
  </datafield>
  <datafield tag="880" ind1="1" ind2=" ">
    <subfield code="6">100-01</subfield>
    <subfield code="a">Еленков, Иван,</subfield>
    <subfield code="e">author.</subfield>
  </datafield>
  <datafield tag="245" ind1="1" ind2="0">
    <subfield code="6">880-02</subfield>
    <subfield code="a">Orbiti na sot︠s︡ialisticheskoto vsekidnevie :</subfield>
    <subfield code="b">politiki v posledit︠s︡i  na organizat︠s︡ionnii︠a︡ obkhvat na masite, otnemaneto na sobstvenostta, formirane na neposredstvenoto obkruzhenie i korupsiyata v Narodna republika Bŭlgarii︠a︡ /</subfield>
    <subfield code="c">Ivan Elenkov.</subfield>
  </datafield>
  <datafield tag="880" ind1="1" ind2="0">
    <subfield code="6">245-02</subfield>
    <subfield code="a">Орбити на социалистическото всекидневие :</subfield>
    <subfield code="b">политики и последици на организационния обхват на масите, отнемането на собствеността, формиране на непосредственото обкръжение и корупцията в Народна република България /</subfield>
    <subfield code="c">Иван Еленков.</subfield>
  </datafield>
  <datafield tag="250" ind1=" " ind2=" ">
    <subfield code="6">880-03</subfield>
    <subfield code="a">First edition.</subfield>
  </datafield>
  <datafield tag="880" ind1=" " ind2=" ">
    <subfield code="6">250-03</subfield>
    <subfield code="a">Първо издание.</subfield>
  </datafield>
  <datafield tag="264" ind1=" " ind2="1">
    <subfield code="a">Sofia :</subfield>
    <subfield code="b">Institut za izsledvane na blizkoto minalo,</subfield>
    <subfield code="c">2018.</subfield>
  </datafield>
  <datafield tag="300" ind1=" " ind2=" ">
    <subfield code="a">288 pages ;</subfield>
    <subfield code="c">24 cm</subfield>
  </datafield>
  <datafield tag="336" ind1=" " ind2=" ">
    <subfield code="a">text</subfield>
    <subfield code="b">txt</subfield>
    <subfield code="2">rdacontent</subfield>
  </datafield>
  <datafield tag="337" ind1=" " ind2=" ">
    <subfield code="a">unmediated</subfield>
    <subfield code="b">n</subfield>
    <subfield code="2">rdamedia</subfield>
  </datafield>
  <datafield tag="338" ind1=" " ind2=" ">
    <subfield code="a">volume</subfield>
    <subfield code="b">nc</subfield>
    <subfield code="2">rdacarrier</subfield>
  </datafield>
  <datafield tag="504" ind1=" " ind2=" ">
    <subfield code="a">Includes bibliographica references (pages 275-286)</subfield>
  </datafield>
  <datafield tag="651" ind1=" " ind2="0">
    <subfield code="a">Bulgaria</subfield>
    <subfield code="x">History</subfield>
    <subfield code="y">1944-1990.</subfield>
  </datafield>
  <datafield tag="650" ind1=" " ind2="0">
    <subfield code="a">Socialism</subfield>
    <subfield code="x">Social aspects</subfield>
    <subfield code="z">Bulgaria.</subfield>
  </datafield>
  <datafield tag="650" ind1=" " ind2="0">
    <subfield code="a">Corruption</subfield>
    <subfield code="z">Bulgaria.</subfield>
  </datafield>
  <datafield tag="650" ind1=" " ind2="0">
    <subfield code="a">Informal sector (Economics)</subfield>
    <subfield code="z">Bulgaria.</subfield>
  </datafield>
  <datafield tag="650" ind1=" " ind2="0">
    <subfield code="a">Social change</subfield>
    <subfield code="z">Bulgaria.</subfield>
  </datafield>
  <datafield tag="650" ind1=" " ind2="0">
    <subfield code="a">Property and socialism.</subfield>
  </datafield>
  <datafield tag="650" ind1=" " ind2="0">
    <subfield code="a">Right of property</subfield>
    <subfield code="z">Bulgaria.</subfield>
  </datafield>
  <datafield tag="650" ind1=" " ind2="7">
    <subfield code="a">Corruption.</subfield>
    <subfield code="2">fast</subfield>
    <subfield code="0">(OCoLC)fst01352550</subfield>
  </datafield>
  <datafield tag="650" ind1=" " ind2="7">
    <subfield code="a">Informal sector (Economics)</subfield>
    <subfield code="2">fast</subfield>
    <subfield code="0">(OCoLC)fst00972518</subfield>
  </datafield>
  <datafield tag="650" ind1=" " ind2="7">
    <subfield code="a">Property and socialism.</subfield>
    <subfield code="2">fast</subfield>
    <subfield code="0">(OCoLC)fst01079158</subfield>
  </datafield>
  <datafield tag="650" ind1=" " ind2="7">
    <subfield code="a">Right of property.</subfield>
    <subfield code="2">fast</subfield>
    <subfield code="0">(OCoLC)fst01097863</subfield>
  </datafield>
  <datafield tag="650" ind1=" " ind2="7">
    <subfield code="a">Social change.</subfield>
    <subfield code="2">fast</subfield>
    <subfield code="0">(OCoLC)fst01122310</subfield>
  </datafield>
  <datafield tag="651" ind1=" " ind2="7">
    <subfield code="a">Bulgaria.</subfield>
    <subfield code="2">fast</subfield>
    <subfield code="0">(OCoLC)fst01212489</subfield>
  </datafield>
  <datafield tag="648" ind1=" " ind2="7">
    <subfield code="a">1944-1990</subfield>
    <subfield code="2">fast</subfield>
  </datafield>
  <datafield tag="655" ind1=" " ind2="7">
    <subfield code="a">History.</subfield>
    <subfield code="2">fast</subfield>
    <subfield code="0">(OCoLC)fst01411628</subfield>
  </datafield>
</record>