
<record>
  <leader>02805cam a2200541 i 4500</leader>
  <controlfield tag="001">20889529</controlfield>
  <controlfield tag="005">20200102164907.0</controlfield>
  <controlfield tag="008">190314s2016    cc a          000 0 chi d</controlfield>
  <datafield tag="906" ind1=" " ind2=" ">
    <subfield code="a">7</subfield>
    <subfield code="b">cbc</subfield>
    <subfield code="c">copycat</subfield>
    <subfield code="d">3</subfield>
    <subfield code="e">ncip</subfield>
    <subfield code="f">20</subfield>
    <subfield code="g">y-nonroman</subfield>
  </datafield>
  <datafield tag="925" ind1="0" ind2=" ">
    <subfield code="a">acquire</subfield>
    <subfield code="b">1 shelf copy</subfield>
    <subfield code="x">policy default</subfield>
  </datafield>
  <datafield tag="955" ind1=" " ind2=" ">
    <subfield code="b">cc03 2020-01-02 z-processor JACKPHY</subfield>
    <subfield code="i">cc03 2020-01-02 to Asian</subfield>
  </datafield>
  <datafield tag="010" ind1=" " ind2=" ">
    <subfield code="a">  2019372079</subfield>
  </datafield>
  <datafield tag="020" ind1=" " ind2=" ">
    <subfield code="a">9787030480668</subfield>
  </datafield>
  <datafield tag="020" ind1=" " ind2=" ">
    <subfield code="a">703048066X</subfield>
  </datafield>
  <datafield tag="040" ind1=" " ind2=" ">
    <subfield code="a">BCBTC</subfield>
    <subfield code="b">eng</subfield>
    <subfield code="e">rda</subfield>
    <subfield code="c">BCBTC</subfield>
    <subfield code="d">OCLCO</subfield>
    <subfield code="d">CNPIT</subfield>
    <subfield code="d">HUA</subfield>
    <subfield code="d">OCLCO</subfield>
    <subfield code="d">MZA</subfield>
    <subfield code="d">BCBTC</subfield>
    <subfield code="d">OCLCQ</subfield>
    <subfield code="d">OCLCF</subfield>
    <subfield code="d">ZCU</subfield>
    <subfield code="d">OCLCO</subfield>
    <subfield code="d">YUS</subfield>
    <subfield code="d">X2Q</subfield>
    <subfield code="d">DLC</subfield>
  </datafield>
  <datafield tag="042" ind1=" " ind2=" ">
    <subfield code="a">lccopycat</subfield>
  </datafield>
  <datafield tag="043" ind1=" " ind2=" ">
    <subfield code="a">a-cc-ho</subfield>
  </datafield>
  <datafield tag="050" ind1="0" ind2="0">
    <subfield code="a">DS797.44.X562</subfield>
    <subfield code="b">Z46 2016</subfield>
  </datafield>
  <datafield tag="066" ind1=" " ind2=" ">
    <subfield code="c">$1</subfield>
  </datafield>
  <datafield tag="245" ind1="0" ind2="0">
    <subfield code="6">880-01</subfield>
    <subfield code="a">Zhengzhou Dashigu tu lu /</subfield>
    <subfield code="c">Gu Wanfa zhu bian ; Zhengzhou Shi wen wu kao gu yan jiu yuan bian.</subfield>
  </datafield>
  <datafield tag="880" ind1="0" ind2="0">
    <subfield code="6">245-01/$1</subfield>
    <subfield code="a">郑州大师姑图录 /</subfield>
    <subfield code="c">顾万发主编 ; 郑州市文物考古研究院编.</subfield>
  </datafield>
  <datafield tag="250" ind1=" " ind2=" ">
    <subfield code="6">880-02</subfield>
    <subfield code="a">Di yi ban.</subfield>
  </datafield>
  <datafield tag="880" ind1=" " ind2=" ">
    <subfield code="6">250-02/$1</subfield>
    <subfield code="a">第一版.</subfield>
  </datafield>
  <datafield tag="264" ind1=" " ind2="1">
    <subfield code="6">880-03</subfield>
    <subfield code="a">Beijing :</subfield>
    <subfield code="b">Ke xue chu ban she,</subfield>
    <subfield code="c">2016.</subfield>
  </datafield>
  <datafield tag="880" ind1=" " ind2="1">
    <subfield code="6">264-03/$1</subfield>
    <subfield code="a">北京 :</subfield>
    <subfield code="b">科学出版社,</subfield>
    <subfield code="c">2016.</subfield>
  </datafield>
  <datafield tag="300" ind1=" " ind2=" ">
    <subfield code="a">271 pages :</subfield>
    <subfield code="b">chiefly color illustrations ;</subfield>
    <subfield code="c">38 cm.</subfield>
  </datafield>
  <datafield tag="336" ind1=" " ind2=" ">
    <subfield code="a">still image</subfield>
    <subfield code="b">sti</subfield>
    <subfield code="2">rdacontent</subfield>
  </datafield>
  <datafield tag="336" ind1=" " ind2=" ">
    <subfield code="a">text</subfield>
    <subfield code="b">txt</subfield>
    <subfield code="2">rdacontent</subfield>
  </datafield>
  <datafield tag="337" ind1=" " ind2=" ">
    <subfield code="a">unmediated</subfield>
    <subfield code="b">n</subfield>
    <subfield code="2">rdamedia</subfield>
  </datafield>
  <datafield tag="338" ind1=" " ind2=" ">
    <subfield code="a">volume</subfield>
    <subfield code="b">nc</subfield>
    <subfield code="2">rdacarrier</subfield>
  </datafield>
  <datafield tag="490" ind1="1" ind2=" ">
    <subfield code="6">880-04</subfield>
    <subfield code="a">Zhongguo, Zhengzhou kao gu (shi ba)</subfield>
  </datafield>
  <datafield tag="880" ind1="1" ind2=" ">
    <subfield code="6">490-04/$1</subfield>
    <subfield code="a">中国・郑州考古 (十八)</subfield>
  </datafield>
  <datafield tag="880" ind1=" " ind2=" ">
    <subfield code="6">520-00/$1</subfield>
    <subfield code="a">大师姑遗址位于郑州西北郊荥阳市广武镇大师姑村和杨寨村南, 是一座二里头文化中晚期城址.1984年文物普查时发现.2002-2004年郑州市文物考古研究所(院)对遗址进行了连续的钻探和考古发掘, 取得重要收获.入选2003年度十大考古新发现.本图录为大师姑遗址2002-2003年考古发掘所出土的遗物, 包括陶器, 石器, 骨器等, 共收录219件.分二里头文化, 早商文化两个部分, 以大幅面, 多角度的形式进行全方位.</subfield>
  </datafield>
  <datafield tag="651" ind1=" " ind2="0">
    <subfield code="6">880-05</subfield>
    <subfield code="a">Dashigu yi zhi (China)</subfield>
  </datafield>
  <datafield tag="880" ind1=" " ind2="4">
    <subfield code="6">651-05/$1</subfield>
    <subfield code="a">大师姑遗址 (China)</subfield>
  </datafield>
  <datafield tag="650" ind1=" " ind2="0">
    <subfield code="6">880-06</subfield>
    <subfield code="a">Excavations (Archaeology)</subfield>
    <subfield code="z">China</subfield>
    <subfield code="z">Xingyang Shi.</subfield>
  </datafield>
  <datafield tag="880" ind1=" " ind2="4">
    <subfield code="6">650-06/$1</subfield>
    <subfield code="a">Excavations (Archaeology)</subfield>
    <subfield code="z">中国</subfield>
    <subfield code="z">荥阳市.</subfield>
  </datafield>
  <datafield tag="651" ind1=" " ind2="0">
    <subfield code="6">880-07</subfield>
    <subfield code="a">Xingyang Shi (China)</subfield>
    <subfield code="x">Antiquities.</subfield>
  </datafield>
  <datafield tag="880" ind1=" " ind2="4">
    <subfield code="6">651-07/$1</subfield>
    <subfield code="a">荥阳市 (中国)</subfield>
    <subfield code="x">Antiquities.</subfield>
  </datafield>
  <datafield tag="880" ind1=" " ind2="4">
    <subfield code="6">651-00/$1</subfield>
    <subfield code="a">二里头 (China)</subfield>
    <subfield code="x">Antiquities</subfield>
    <subfield code="v">Pictorial works.</subfield>
  </datafield>
  <datafield tag="700" ind1="1" ind2=" ">
    <subfield code="6">880-08</subfield>
    <subfield code="a">Gu, Wanfa,</subfield>
    <subfield code="e">editor.</subfield>
  </datafield>
  <datafield tag="880" ind1="1" ind2=" ">
    <subfield code="6">700-08/$1</subfield>
    <subfield code="a">顾万发,</subfield>
    <subfield code="e">editor.</subfield>
  </datafield>
  <datafield tag="710" ind1="2" ind2=" ">
    <subfield code="6">880-09</subfield>
    <subfield code="a">Zhengzhou Shi wen wu kao gu yan jiu yuan,</subfield>
    <subfield code="e">editor.</subfield>
  </datafield>
  <datafield tag="880" ind1="2" ind2=" ">
    <subfield code="6">710-09/$1</subfield>
    <subfield code="a">郑州市文物考古研究院,</subfield>
    <subfield code="e">editor.</subfield>
  </datafield>
  <datafield tag="880" ind1=" " ind2="0">
    <subfield code="6">830-00/$1</subfield>
    <subfield code="a">中国.郑州考古 ;</subfield>
    <subfield code="v">18.</subfield>
  </datafield>
  <datafield tag="830" ind1=" " ind2="0">
    <subfield code="6">880-10</subfield>
    <subfield code="a">Zhongguo, Zhengzhou kao gu ;</subfield>
    <subfield code="v">18.</subfield>
  </datafield>
  <datafield tag="880" ind1=" " ind2="0">
    <subfield code="6">830-10/$1</subfield>
    <subfield code="a">中国・郑州考古 ;</subfield>
    <subfield code="v">18.</subfield>
  </datafield>
  <datafield tag="923" ind1=" " ind2=" ">
    <subfield code="s">BZT</subfield>
  </datafield>
</record>