
<record>
  <leader>02956cam a2200313 i 4500</leader>
  <controlfield tag="001">20890679</controlfield>
  <controlfield tag="005">20200102140446.0</controlfield>
  <controlfield tag="008">190315s2019    nyu           000 1 eng  </controlfield>
  <datafield tag="906" ind1=" " ind2=" ">
    <subfield code="a">7</subfield>
    <subfield code="b">cbc</subfield>
    <subfield code="c">orignew</subfield>
    <subfield code="d">1</subfield>
    <subfield code="e">ecip</subfield>
    <subfield code="f">20</subfield>
    <subfield code="g">y-gencatlg</subfield>
  </datafield>
  <datafield tag="925" ind1="0" ind2=" ">
    <subfield code="a">Acquire</subfield>
    <subfield code="b">1 shelf copy</subfield>
    <subfield code="x">policy default</subfield>
  </datafield>
  <datafield tag="955" ind1=" " ind2=" ">
    <subfield code="b">xk12 2019-03-15</subfield>
    <subfield code="i">xk12 2019-03-15 (telework) to CIP</subfield>
  </datafield>
  <datafield tag="010" ind1=" " ind2=" ">
    <subfield code="a">  2019011519</subfield>
  </datafield>
  <datafield tag="020" ind1=" " ind2=" ">
    <subfield code="a">9781984818232 (hardcover : acid-free paper)</subfield>
  </datafield>
  <datafield tag="040" ind1=" " ind2=" ">
    <subfield code="a">DLC</subfield>
    <subfield code="b">eng</subfield>
    <subfield code="e">rda</subfield>
    <subfield code="c">DLC</subfield>
    <subfield code="d">DLC</subfield>
  </datafield>
  <datafield tag="042" ind1=" " ind2=" ">
    <subfield code="a">pcc</subfield>
  </datafield>
  <datafield tag="050" ind1="0" ind2="0">
    <subfield code="a">PS3612.U897</subfield>
    <subfield code="b">S93 2019</subfield>
  </datafield>
  <datafield tag="082" ind1="0" ind2="0">
    <subfield code="a">813/.6</subfield>
    <subfield code="2">23</subfield>
  </datafield>
  <datafield tag="100" ind1="1" ind2=" ">
    <subfield code="a">Lutz, Lisa,</subfield>
    <subfield code="e">author.</subfield>
  </datafield>
  <datafield tag="245" ind1="1" ind2="4">
    <subfield code="a">The swallows :</subfield>
    <subfield code="b">a novel /</subfield>
    <subfield code="c">Lisa Lutz.</subfield>
  </datafield>
  <datafield tag="250" ind1=" " ind2=" ">
    <subfield code="a">First  edition.</subfield>
  </datafield>
  <datafield tag="264" ind1=" " ind2="1">
    <subfield code="a">New York :</subfield>
    <subfield code="b">Ballantine Books,</subfield>
    <subfield code="c">[2019]</subfield>
  </datafield>
  <datafield tag="300" ind1=" " ind2=" ">
    <subfield code="a">402 pages ;</subfield>
    <subfield code="c">25 cm</subfield>
  </datafield>
  <datafield tag="336" ind1=" " ind2=" ">
    <subfield code="a">text</subfield>
    <subfield code="b">txt</subfield>
    <subfield code="2">rdacontent</subfield>
  </datafield>
  <datafield tag="337" ind1=" " ind2=" ">
    <subfield code="a">unmediated</subfield>
    <subfield code="b">n</subfield>
    <subfield code="2">rdamedia</subfield>
  </datafield>
  <datafield tag="338" ind1=" " ind2=" ">
    <subfield code="a">volume</subfield>
    <subfield code="b">nc</subfield>
    <subfield code="2">rdacarrier</subfield>
  </datafield>
  <datafield tag="520" ind1=" " ind2=" ">
    <subfield code="a">A new teacher at a New England prep school ignites a gender war--with deadly consequences--in a provocative novel from the bestselling author of The Passenger and the Spellman Files series. What do you love? What do you hate? What do you want? It starts with this simple writing prompt from Alex Witt, Stonebridge Academy&apos;s new creative writing teacher. When the students&apos; answers raise disturbing questions of their own, Ms. Witt knows there&apos;s more going on the school than the faculty wants to see. She soon learns about The Ten--the students at the top of the school&apos;s social hierarchy--as well as their connection to something called The Darkroom. Ms. Witt can&apos;t remain a passive observer. She finds the few girls who&apos;ve started to question the school&apos;s &quot;boys will be boys&quot; attitude and incites a resistance that quickly becomes a movement. But just as it gains momentum, she also attracts the attention of an unknown enemy who knows a little too much about her--including what brought her to Stonebridge in the first place. Meanwhile, Gemma, a defiant senior, has been plotting her attack for years, waiting for the right moment. Shy loner Norman hates his role in the Darkroom, but can&apos;t find the courage to fight back until he makes an unlikely alliance. And then there&apos;s Finn Ford, an English teacher with a shady reputation who keeps one eye on his literary ambitions and one on Ms. Witt. As the school&apos;s secrets begin to trickle out, a boys-versus-girls skirmish turns into an all-out war, with deeply personal--and potentially fatal--consequences for everyone involved. Lisa Lutz&apos;s blistering, timely tale shows us what can happen when silence wins out over decency for too long--and why the scariest threat of all might be the idea that sooner or later, girls will be girls.</subfield>
  </datafield>
  <datafield tag="655" ind1=" " ind2="7">
    <subfield code="a">Mystery fiction.</subfield>
    <subfield code="2">gsafd</subfield>
  </datafield>
  <datafield tag="776" ind1="0" ind2="8">
    <subfield code="i">Online version:</subfield>
    <subfield code="a">Lutz, Lisa, author.</subfield>
    <subfield code="t">Swallows</subfield>
    <subfield code="b">First edition.</subfield>
    <subfield code="d">New York : Ballantine Books, [2019]</subfield>
    <subfield code="z">9781984818249</subfield>
    <subfield code="w">(DLC) 2019013010</subfield>
  </datafield>
  <datafield tag="963" ind1=" " ind2=" ">
    <subfield code="a">Dylan Julian; phone: 212-782-9598; email: djulian@penguinrandomhouse.com; bc: cip@randomhouse.com</subfield>
  </datafield>
</record>