
<record>
  <leader>02850cam a22003615i 4500</leader>
  <controlfield tag="001">20895512</controlfield>
  <controlfield tag="005">20200102113729.0</controlfield>
  <controlfield tag="008">190125s2017    cc a          000 0 chi  </controlfield>
  <datafield tag="906" ind1=" " ind2=" ">
    <subfield code="a">0</subfield>
    <subfield code="b">ibc</subfield>
    <subfield code="c">origres</subfield>
    <subfield code="d">3</subfield>
    <subfield code="e">ncip</subfield>
    <subfield code="f">20</subfield>
    <subfield code="g">y-nonroman</subfield>
  </datafield>
  <datafield tag="925" ind1="0" ind2=" ">
    <subfield code="a">acquire</subfield>
    <subfield code="b">1 shelf copy</subfield>
    <subfield code="x">policy default</subfield>
  </datafield>
  <datafield tag="955" ind1=" " ind2=" ">
    <subfield code="a">CIB to LC 2019-03-04</subfield>
    <subfield code="b">cc18 2019-12-09</subfield>
    <subfield code="c">cc18 2019-12-10</subfield>
  </datafield>
  <datafield tag="010" ind1=" " ind2=" ">
    <subfield code="a">  2019464118</subfield>
  </datafield>
  <datafield tag="020" ind1=" " ind2=" ">
    <subfield code="a">9787545715484</subfield>
    <subfield code="c">RMBY980.00</subfield>
    <subfield code="q">(set)</subfield>
  </datafield>
  <datafield tag="040" ind1=" " ind2=" ">
    <subfield code="a">DLC</subfield>
    <subfield code="b">eng</subfield>
    <subfield code="e">rda</subfield>
    <subfield code="c">DLC</subfield>
    <subfield code="d">DLC</subfield>
  </datafield>
  <datafield tag="043" ind1=" " ind2=" ">
    <subfield code="a">a-cc---</subfield>
  </datafield>
  <datafield tag="066" ind1=" " ind2=" ">
    <subfield code="c">$1</subfield>
  </datafield>
  <datafield tag="100" ind1="1" ind2=" ">
    <subfield code="6">880-01</subfield>
    <subfield code="a">Zhong, Daoxin,</subfield>
    <subfield code="e">author.</subfield>
  </datafield>
  <datafield tag="880" ind1="1" ind2=" ">
    <subfield code="6">100-01/$1</subfield>
    <subfield code="a">钟道新,</subfield>
    <subfield code="e">author.</subfield>
  </datafield>
  <datafield tag="240" ind1="1" ind2="0">
    <subfield code="a">Works.</subfield>
    <subfield code="f">2017</subfield>
  </datafield>
  <datafield tag="245" ind1="1" ind2="0">
    <subfield code="6">880-02</subfield>
    <subfield code="a">Zhong Daoxin wen ji /</subfield>
    <subfield code="c">Zhong Daoxin zhu.</subfield>
  </datafield>
  <datafield tag="880" ind1="1" ind2="0">
    <subfield code="6">245-02/$1</subfield>
    <subfield code="a">钟道新文集 /</subfield>
    <subfield code="c">钟道新著.</subfield>
  </datafield>
  <datafield tag="250" ind1=" " ind2=" ">
    <subfield code="6">880-03</subfield>
    <subfield code="a">Di 1 ban.</subfield>
  </datafield>
  <datafield tag="880" ind1=" " ind2=" ">
    <subfield code="6">250-03/$1</subfield>
    <subfield code="a">第1版.</subfield>
  </datafield>
  <datafield tag="264" ind1=" " ind2="1">
    <subfield code="6">880-04</subfield>
    <subfield code="a">Beijing :</subfield>
    <subfield code="b">Zuo jia chu ban she ;</subfield>
    <subfield code="a">Taiyuan :</subfield>
    <subfield code="b">San Jin chu ban she,</subfield>
    <subfield code="c">2017.</subfield>
  </datafield>
  <datafield tag="880" ind1=" " ind2="1">
    <subfield code="6">264-04/$1</subfield>
    <subfield code="a">北京 :</subfield>
    <subfield code="b">作家出版社 ;</subfield>
    <subfield code="a">太原 :</subfield>
    <subfield code="b">三晋出版社,</subfield>
    <subfield code="c">2017.</subfield>
  </datafield>
  <datafield tag="300" ind1=" " ind2=" ">
    <subfield code="a">10 volumes :</subfield>
    <subfield code="b">illustrations ;</subfield>
    <subfield code="c">23 cm.</subfield>
  </datafield>
  <datafield tag="336" ind1=" " ind2=" ">
    <subfield code="a">text</subfield>
    <subfield code="b">txt</subfield>
    <subfield code="2">rdacontent</subfield>
  </datafield>
  <datafield tag="337" ind1=" " ind2=" ">
    <subfield code="a">unmediated</subfield>
    <subfield code="b">n</subfield>
    <subfield code="2">rdamedia</subfield>
  </datafield>
  <datafield tag="338" ind1=" " ind2=" ">
    <subfield code="a">volume</subfield>
    <subfield code="b">nc</subfield>
    <subfield code="2">rdacarrier</subfield>
  </datafield>
  <datafield tag="505" ind1="0" ind2=" ">
    <subfield code="6">880-05</subfield>
    <subfield code="a">di yi juan. Chang pian xiao shuo. [Hao hua ke zan; Zhong jie hei se sheng dan] -- di er juan. Chang pian xiao shuo. [Quan li de jie mian] -- di san juan. Chang pian xiao shuo. [Fei chang dang an ; Bo yi shi dai] -- di si juan. Chang pian xiao shuo. [Dian feng dui jue] -- di wu juan. Zhong pian xiao shuo. [Li shi de shi fen zhong ; Guo shou ; Bu zhang yue ni tan hua ; Jin se hu zhao ; Tuo que wu sha zhen mian mu ; You gan yu si wen ; Bo lun] -- di liu juan. Zhong pian xiao shuo. [Chao dao ; Quan li chang ; Xin xi: kun rao yu xin xi ; Jing ji chang ; Gu piao shi chang de mi zou shen jing ; Ju hui ; Dan shen gui zu] -- di qi juan. Zhong pian xiao shuo. [Yu zhou sha xing ; Weibi gong si nei mu gu shi ; Te bie ti kuan quan ; Quan li de cheng ben] -- di ba juan. Duan pian xiao shuo -- di jiu juan. Dian shi lian xu ju ju ben. [Hei bing] -- di shi juan. san wen</subfield>
  </datafield>
  <datafield tag="880" ind1="0" ind2=" ">
    <subfield code="6">505-05/$1</subfield>
    <subfield code="a">第一卷. 长篇小说. [豪华客栈；终结黑色圣诞] -- 第二卷.  长篇小说. [权利的界面] -- 第三卷.  长篇小说. [非常档案；博弈时代] -- 第四卷.  长篇小说. [巅峰对决] -- 第五卷. 中篇小说. [历史的十分钟；国手；部长约你谈话； 金色护照；脫却乌纱真面目；有感于斯文；博论] -- 第六卷. 中篇小说. [超导；权利场；信息: 困扰与欣喜；经济场；股票市场的迷走神经；聚会；单身贵族] -- 第七卷. 中篇小说. [宇宙杀星；威比公司内幕故事；特别提款权；权利的成本] -- 第八卷. 短篇小说 -- 第九卷. 电视连续剧剧本. [黑冰] -- 第十卷. 散文</subfield>
  </datafield>
  <datafield tag="923" ind1=" " ind2=" ">
    <subfield code="d">20190304</subfield>
    <subfield code="n">JGE2019CB00412FG</subfield>
    <subfield code="s">CIB</subfield>
  </datafield>
  <datafield tag="985" ind1=" " ind2=" ">
    <subfield code="a">cibtc load 2019-03-18</subfield>
  </datafield>
</record>