
<record>
  <leader>03610cam a22004098i 4500</leader>
  <controlfield tag="001">20896695</controlfield>
  <controlfield tag="005">20200102161147.0</controlfield>
  <controlfield tag="008">190310s2019    ksu      b   s001 0deng c</controlfield>
  <datafield tag="906" ind1=" " ind2=" ">
    <subfield code="a">0</subfield>
    <subfield code="b">vip</subfield>
    <subfield code="c">orignew</subfield>
    <subfield code="d">1</subfield>
    <subfield code="e">ecip</subfield>
    <subfield code="f">20</subfield>
    <subfield code="g">y-gencatlg</subfield>
  </datafield>
  <datafield tag="925" ind1="0" ind2=" ">
    <subfield code="a">acquire</subfield>
    <subfield code="b">2 shelf copies</subfield>
    <subfield code="x">policy default</subfield>
  </datafield>
  <datafield tag="955" ind1=" " ind2=" ">
    <subfield code="a">LBSOR</subfield>
    <subfield code="e">re06 2019-04-11 (telework) to Dewey</subfield>
    <subfield code="w">xm06 2019-04-12</subfield>
    <subfield code="a">xn11 2019-12-17 1 copy rec&apos;d., to CIP ver.</subfield>
    <subfield code="a">re13 2020-01-02 Copy 1 Barcode 00509978852 for telework</subfield>
  </datafield>
  <datafield tag="010" ind1=" " ind2=" ">
    <subfield code="a">  2019006955</subfield>
  </datafield>
  <datafield tag="020" ind1=" " ind2=" ">
    <subfield code="a">9780700628506 (cloth : alk. paper)</subfield>
  </datafield>
  <datafield tag="020" ind1=" " ind2=" ">
    <subfield code="z">9780700628513 (ebook)</subfield>
  </datafield>
  <datafield tag="040" ind1=" " ind2=" ">
    <subfield code="a">LBSOR/DLC</subfield>
    <subfield code="b">eng</subfield>
    <subfield code="c">LBSOR</subfield>
    <subfield code="e">rda</subfield>
  </datafield>
  <datafield tag="042" ind1=" " ind2=" ">
    <subfield code="a">pcc</subfield>
  </datafield>
  <datafield tag="043" ind1=" " ind2=" ">
    <subfield code="a">n-us---</subfield>
  </datafield>
  <datafield tag="050" ind1="0" ind2="0">
    <subfield code="a">JK511</subfield>
    <subfield code="b">.K66 2019</subfield>
  </datafield>
  <datafield tag="082" ind1="0" ind2="0">
    <subfield code="a">973.09/9</subfield>
    <subfield code="2">23</subfield>
  </datafield>
  <datafield tag="100" ind1="1" ind2=" ">
    <subfield code="a">Knott, Stephen F.,</subfield>
    <subfield code="e">author.</subfield>
  </datafield>
  <datafield tag="245" ind1="1" ind2="4">
    <subfield code="a">The lost soul of the American presidency :</subfield>
    <subfield code="b">the decline into demagoguery and the prospects for renewal /</subfield>
    <subfield code="c">Stephen F. Knott.</subfield>
  </datafield>
  <datafield tag="263" ind1=" " ind2=" ">
    <subfield code="a">1111</subfield>
  </datafield>
  <datafield tag="264" ind1=" " ind2="1">
    <subfield code="a">Lawrence, Kansas :</subfield>
    <subfield code="b">University Press of Kansas,</subfield>
    <subfield code="c">[2019]</subfield>
  </datafield>
  <datafield tag="300" ind1=" " ind2=" ">
    <subfield code="a">xvii, 290 pages ;</subfield>
    <subfield code="c">24 cm</subfield>
  </datafield>
  <datafield tag="336" ind1=" " ind2=" ">
    <subfield code="a">text</subfield>
    <subfield code="2">rdacontent</subfield>
  </datafield>
  <datafield tag="337" ind1=" " ind2=" ">
    <subfield code="a">unmediated</subfield>
    <subfield code="2">rdamedia</subfield>
  </datafield>
  <datafield tag="338" ind1=" " ind2=" ">
    <subfield code="a">volume</subfield>
    <subfield code="2">rdacarrier</subfield>
  </datafield>
  <datafield tag="520" ind1=" " ind2=" ">
    <subfield code="a">&quot;The American presidency is not what it once was. Elections have become a popularity contest and the president has become the ostensible mouthpiece of the American people. Stephen F. Knott contends that the presidency of popular consent, or the majoritarian presidency, was not intended by Madison, Washington, Hamilton, or almost all the key framers, but more importantly, he argues that this presidency led to precisely what Madison and Hamilton feared most: the rise of demagogic presidencies. The Lost Soul of the American Presidency traces the history of this decline in the nation&apos;s executive office that has culminated in the election of Donald Trump. Thomas Jefferson and Andrew Jackson re-founded the office and opened the door to this demagoguery, and their task was completed by a series of twentieth-century presidents, including Woodrow Wilson and Richard Nixon. The price of this demagogic presidency has been paid by minorities of all sorts -- racial, religious, political, and economic. The nation was thus deprived of the president&apos;s intended role as unifying head of state, and his constitutional role as neutral enforcer of the laws of the land. But we also have examples of presidents who resisted pandering to public opinion and appealed to the better angels of our nature, notably John Quincy Adams and Abraham Lincoln, who represent the &apos;lost soul&apos; of presidential leadership that we can still recover&quot;--</subfield>
    <subfield code="c">Provided by publisher.</subfield>
  </datafield>
  <datafield tag="504" ind1=" " ind2=" ">
    <subfield code="a">Includes bibliographical references and index.</subfield>
  </datafield>
  <datafield tag="505" ind1="0" ind2=" ">
    <subfield code="a">Introduction: The long, declining road -- The founders presidency : Washington, Hamilton, and an office of sober expectations -- The presidency of popular consent : Thomas Jefferson and the &quot;Revolution of 1800&quot; -- Andrew Jackson : &quot;the majority is to govern&quot; -- Abraham Lincoln and the &quot;mobocratic spirit&quot; -- Woodrow Wilson : &quot;to be as big a man as he can&quot; -- FDR and Harry Truman : &quot;give &apos;em hell&quot; -- Ike and Jack : a study in contrasting presidencies -- The road to degradation -- The apotheosis of the popular presidency : Donald J. Trump -- The prospects for renewal.</subfield>
  </datafield>
  <datafield tag="650" ind1=" " ind2="0">
    <subfield code="a">Presidents</subfield>
    <subfield code="z">United States</subfield>
    <subfield code="x">History.</subfield>
  </datafield>
  <datafield tag="650" ind1=" " ind2="0">
    <subfield code="a">Executive power</subfield>
    <subfield code="z">United States</subfield>
    <subfield code="x">History.</subfield>
  </datafield>
  <datafield tag="650" ind1=" " ind2="0">
    <subfield code="a">Political leadership</subfield>
    <subfield code="z">United States</subfield>
    <subfield code="x">History.</subfield>
  </datafield>
  <datafield tag="650" ind1=" " ind2="0">
    <subfield code="a">Demagoguery</subfield>
  </datafield>
  <datafield tag="651" ind1=" " ind2="0">
    <subfield code="a">United States</subfield>
    <subfield code="x">Politics and government.</subfield>
  </datafield>
  <datafield tag="963" ind1=" " ind2=" ">
    <subfield code="a">Colin Tripp; phone: 785-864-9123; email: ctripp@ku.edu; bc: sgalle@ku.edu</subfield>
  </datafield>
  <datafield tag="985" ind1=" " ind2=" ">
    <subfield code="a">LBSORCIP</subfield>
    <subfield code="d">2019-03-20</subfield>
  </datafield>
</record>