
<record>
  <leader>04111cam a22004578i 4500</leader>
  <controlfield tag="001">20903061</controlfield>
  <controlfield tag="005">20200102153721.0</controlfield>
  <controlfield tag="008">190321s2019    enk      b    001 0 eng c</controlfield>
  <datafield tag="906" ind1=" " ind2=" ">
    <subfield code="a">0</subfield>
    <subfield code="b">vip</subfield>
    <subfield code="c">orignew</subfield>
    <subfield code="d">1</subfield>
    <subfield code="e">ecip</subfield>
    <subfield code="f">20</subfield>
    <subfield code="g">y-gencatlg</subfield>
  </datafield>
  <datafield tag="925" ind1="0" ind2=" ">
    <subfield code="a">acquire</subfield>
    <subfield code="b">1 shelf copy</subfield>
    <subfield code="x">policy default</subfield>
  </datafield>
  <datafield tag="955" ind1=" " ind2=" ">
    <subfield code="a">LBSOR</subfield>
    <subfield code="d">cd16 2019-04-12 to PSD for subject proposal</subfield>
    <subfield code="a">xn16 2019-07-15 1 copy rec&apos;d., to CIP ver.</subfield>
    <subfield code="a">rk20 2019-07-22 book received in ART</subfield>
    <subfield code="e">td14 2020-01-02 subject proposal revised; class proposal made; galley to Dewey</subfield>
  </datafield>
  <datafield tag="010" ind1=" " ind2=" ">
    <subfield code="a">  2019011794</subfield>
  </datafield>
  <datafield tag="020" ind1=" " ind2=" ">
    <subfield code="a">9781472432186 (hardback : alk. paper)</subfield>
  </datafield>
  <datafield tag="020" ind1=" " ind2=" ">
    <subfield code="z">9781315588698 (ebk.)</subfield>
  </datafield>
  <datafield tag="020" ind1=" " ind2=" ">
    <subfield code="z">9781317116264 (pdf)</subfield>
  </datafield>
  <datafield tag="020" ind1=" " ind2=" ">
    <subfield code="z">9781317116240 (mobi)</subfield>
  </datafield>
  <datafield tag="020" ind1=" " ind2=" ">
    <subfield code="z">9781317116257 (epub)</subfield>
  </datafield>
  <datafield tag="040" ind1=" " ind2=" ">
    <subfield code="a">LBSOR/DLC</subfield>
    <subfield code="b">eng</subfield>
    <subfield code="c">LBSOR</subfield>
    <subfield code="e">rda</subfield>
    <subfield code="d">DLC</subfield>
  </datafield>
  <datafield tag="042" ind1=" " ind2=" ">
    <subfield code="a">pcc</subfield>
  </datafield>
  <datafield tag="043" ind1=" " ind2=" ">
    <subfield code="a">e-ur---</subfield>
    <subfield code="a">e-rm---</subfield>
    <subfield code="a">e-un---</subfield>
  </datafield>
  <datafield tag="050" ind1="0" ind2="0">
    <subfield code="a">BT1477</subfield>
    <subfield code="b">.K36 2019</subfield>
  </datafield>
  <datafield tag="100" ind1="1" ind2=" ">
    <subfield code="a">Kapaló, James Alexander,</subfield>
    <subfield code="e">author.</subfield>
  </datafield>
  <datafield tag="245" ind1="1" ind2="0">
    <subfield code="a">Inochentism and Orthodox Christianity :</subfield>
    <subfield code="b">religious dissent in the Russian and Romanian borderlands /</subfield>
    <subfield code="c">James A. Kapaló.</subfield>
  </datafield>
  <datafield tag="263" ind1=" " ind2=" ">
    <subfield code="a">1111</subfield>
  </datafield>
  <datafield tag="264" ind1=" " ind2="1">
    <subfield code="a">Abingdon, Oxon ;</subfield>
    <subfield code="a">New York :</subfield>
    <subfield code="b">Routledge,</subfield>
    <subfield code="c">2019.</subfield>
  </datafield>
  <datafield tag="300" ind1=" " ind2=" ">
    <subfield code="a">pages cm.</subfield>
  </datafield>
  <datafield tag="336" ind1=" " ind2=" ">
    <subfield code="a">text</subfield>
    <subfield code="2">rdacontent</subfield>
  </datafield>
  <datafield tag="337" ind1=" " ind2=" ">
    <subfield code="a">unmediated</subfield>
    <subfield code="2">rdamedia</subfield>
  </datafield>
  <datafield tag="338" ind1=" " ind2=" ">
    <subfield code="a">volume</subfield>
    <subfield code="2">rdacarrier</subfield>
  </datafield>
  <datafield tag="490" ind1="0" ind2=" ">
    <subfield code="a">Routledge new religions</subfield>
  </datafield>
  <datafield tag="520" ind1=" " ind2=" ">
    <subfield code="a">&quot;This book explores the history and evolution of Inochentism, a controversial new religious movement that emerged in the Russian and Romanian borderlands of what is now Moldova and Ukraine in the context of the Russian revolutionary period. It centres around the charismatic preaching of Inochentie, a monk of the Orthodox Church, who inspired an apocalyptic movement that was soon labelled heretical by the Orthodox Church and persecuted as socially and politically subversive by Soviet and Romanian state authorities. Inochentism and Orthodox Christianity charts the emergence and development of Inochentism through the twentieth century based on hagiographies, oral testimonies, press reports, state legislation and a wealth of previously unstudied police and secret police archival material. Focusing on the role that religious persecution and social marginalization played in the transformation of this understudied and much vilified group, the author explores a series of counter-narratives that challenge the mainstream historiography of the movement and highlight the significance of the concept of &apos;liminality&apos; in relation to the study of new religious movements and Orthodoxy. This book constitutes a systematic historical study of an Eastern European &apos;home-grown&apos; religious movement taking a &apos;grass-roots&apos; approach to the problem of minority religious identities in twentieth century Eastern Europe. Consequently, it will be of great interest to scholars of new religions movements, religious history and Russian and Eastern European studies&quot;--</subfield>
    <subfield code="c">Provided by publisher.</subfield>
  </datafield>
  <datafield tag="504" ind1=" " ind2=" ">
    <subfield code="a">Includes bibliographical references and index.</subfield>
  </datafield>
  <datafield tag="505" ind1="0" ind2=" ">
    <subfield code="a">Between hagiography and history: the life of Inochentie of Balta -- &quot;The mad doctrine of the incarnation of the Holy Spirit&quot; -- &quot;All wells will run dry&quot;: belief and practice amongst the Balta pilgrims -- Inochentism in interwar Romania -- Visions of the underground: Archangelism in interwar Romania -- &quot;John&apos;s flock&quot;: Ioan Zlotea and the monastic tradition -- Return to the garden of paradise: Inochentism under Stalin and Antonescu -- Golgotha: the Inochentist underground in Soviet Moldova.</subfield>
  </datafield>
  <datafield tag="650" ind1=" " ind2="0">
    <subfield code="a">Inochentism</subfield>
    <subfield code="x">History</subfield>
  </datafield>
  <datafield tag="600" ind1="0" ind2="0">
    <subfield code="a">Inochenţie,</subfield>
    <subfield code="c">Monk.</subfield>
  </datafield>
  <datafield tag="650" ind1=" " ind2="0">
    <subfield code="a">Christian heresies</subfield>
    <subfield code="z">Russia</subfield>
    <subfield code="x">History</subfield>
    <subfield code="y">Modern period, 1500-</subfield>
  </datafield>
  <datafield tag="650" ind1=" " ind2="0">
    <subfield code="a">Christian heresies</subfield>
    <subfield code="z">Romania</subfield>
    <subfield code="x">History</subfield>
    <subfield code="y">Modern period, 1500-</subfield>
  </datafield>
  <datafield tag="610" ind1="2" ind2="0">
    <subfield code="a">Russkai︠a︡ pravoslavnai︠a︡ t︠s︡erkovʹ</subfield>
    <subfield code="z">Russia</subfield>
    <subfield code="x">History.</subfield>
  </datafield>
  <datafield tag="776" ind1="0" ind2="8">
    <subfield code="i">Online version:</subfield>
    <subfield code="a">Kapaló, James Alexander, author.</subfield>
    <subfield code="t">Inochentism and Orthodox Christianity.</subfield>
    <subfield code="d">Abingdon, Oxon ; New York : Routledge, 2019.</subfield>
    <subfield code="z">9781315588698</subfield>
    <subfield code="w">(DLC)  2019980018</subfield>
  </datafield>
  <datafield tag="963" ind1=" " ind2=" ">
    <subfield code="a">Jack Boothroyd; phone: +44-2070175938; email: Jack.Boothroyd@informa.com; bc: Jack.Boothroyd@informa.com</subfield>
  </datafield>
  <datafield tag="985" ind1=" " ind2=" ">
    <subfield code="a">LBSORCIP</subfield>
    <subfield code="d">2019-03-25</subfield>
  </datafield>
</record>