
<record>
  <leader>03279cam a22004338i 4500</leader>
  <controlfield tag="001">20903951</controlfield>
  <controlfield tag="005">20200102173010.0</controlfield>
  <controlfield tag="008">190326s2019    nyu      b    000 0 eng  </controlfield>
  <datafield tag="906" ind1=" " ind2=" ">
    <subfield code="a">7</subfield>
    <subfield code="b">cbc</subfield>
    <subfield code="c">orignew</subfield>
    <subfield code="d">1</subfield>
    <subfield code="e">ecip</subfield>
    <subfield code="f">20</subfield>
    <subfield code="g">y-gencatlg</subfield>
  </datafield>
  <datafield tag="925" ind1="0" ind2=" ">
    <subfield code="a">acquire</subfield>
    <subfield code="b">1 shelf copy</subfield>
    <subfield code="x">policy default</subfield>
  </datafield>
  <datafield tag="955" ind1=" " ind2=" ">
    <subfield code="b">rk10 2019-03-26</subfield>
    <subfield code="c">rk10 2019-03-26 (telework) to subject</subfield>
    <subfield code="a">rk10 2019-06-03 (telework) &quot;to subj. cat.&quot; status assigned in PBBL</subfield>
    <subfield code="d">re23 2019-07-23 to Policy for subj. proposal</subfield>
    <subfield code="a">xn11 2019-09-10 1 copy rec&apos;d., to CIP ver.</subfield>
    <subfield code="a">td14 2020-01-02 galley to Dewey</subfield>
    <subfield code="w">xm07 2020-01-02</subfield>
  </datafield>
  <datafield tag="010" ind1=" " ind2=" ">
    <subfield code="a">  2019012367</subfield>
  </datafield>
  <datafield tag="020" ind1=" " ind2=" ">
    <subfield code="a">9780190900250</subfield>
    <subfield code="q">(hardback)</subfield>
  </datafield>
  <datafield tag="020" ind1=" " ind2=" ">
    <subfield code="a">9780190900267</subfield>
    <subfield code="q">(pbk.)</subfield>
  </datafield>
  <datafield tag="020" ind1=" " ind2=" ">
    <subfield code="z">9780190900274</subfield>
    <subfield code="q">(updf)</subfield>
  </datafield>
  <datafield tag="020" ind1=" " ind2=" ">
    <subfield code="z">9780190900281</subfield>
    <subfield code="q">(epub)</subfield>
  </datafield>
  <datafield tag="020" ind1=" " ind2=" ">
    <subfield code="z">9780190900298</subfield>
    <subfield code="q">(online)</subfield>
  </datafield>
  <datafield tag="040" ind1=" " ind2=" ">
    <subfield code="a">DLC</subfield>
    <subfield code="b">eng</subfield>
    <subfield code="c">DLC</subfield>
    <subfield code="e">rda</subfield>
  </datafield>
  <datafield tag="042" ind1=" " ind2=" ">
    <subfield code="a">pcc</subfield>
  </datafield>
  <datafield tag="050" ind1="0" ind2="0">
    <subfield code="a">PN4766</subfield>
    <subfield code="b">.J68 2019</subfield>
  </datafield>
  <datafield tag="082" ind1="0" ind2="0">
    <subfield code="a">070.4</subfield>
    <subfield code="2">23</subfield>
  </datafield>
  <datafield tag="245" ind1="0" ind2="0">
    <subfield code="a">Journalism and truth in an age of social media /</subfield>
    <subfield code="c">[edited by] James E. Katz and Kate K. Mays.</subfield>
  </datafield>
  <datafield tag="263" ind1=" " ind2=" ">
    <subfield code="a">1111</subfield>
  </datafield>
  <datafield tag="264" ind1=" " ind2="1">
    <subfield code="a">New York :</subfield>
    <subfield code="b">Oxford University Press,</subfield>
    <subfield code="c">2019.</subfield>
  </datafield>
  <datafield tag="300" ind1=" " ind2=" ">
    <subfield code="a">pages cm</subfield>
  </datafield>
  <datafield tag="336" ind1=" " ind2=" ">
    <subfield code="a">text</subfield>
    <subfield code="b">txt</subfield>
    <subfield code="2">rdacontent</subfield>
  </datafield>
  <datafield tag="337" ind1=" " ind2=" ">
    <subfield code="a">unmediated</subfield>
    <subfield code="b">n</subfield>
    <subfield code="2">rdamedia</subfield>
  </datafield>
  <datafield tag="338" ind1=" " ind2=" ">
    <subfield code="a">volume</subfield>
    <subfield code="b">nc</subfield>
    <subfield code="2">rdacarrier</subfield>
  </datafield>
  <datafield tag="504" ind1=" " ind2=" ">
    <subfield code="a">Includes bibliographical references.</subfield>
  </datafield>
  <datafield tag="505" ind1="0" ind2=" ">
    <subfield code="a">Introduction / James E. Katz and Kate K. Mays -- Belgium invades Germany : can facts survive politics? / Michael Schudson -- Spotlight : Pierre Bourdieu and the journalistic field / David L. Swartz -- From information availability to factual accountability : reconsidering how truth matters for politicians, publics, and the news media / Lucas Graves and Chris Wells -- Fake news : a new obsession with an old phenomenon? / Nicole Krause, Christopher D. Wirz, Dietram A. Scheufele, Michael Xenos -- Spotlight : sophisticated modernism &amp; truth / Edward Schiappa -- &quot;The true&quot; in journalism / Juliet Floyd -- Truth in journalism / Zeynep Soysal -- Canards, fausses nouvelles, paranoid style : classic authors for an emerging phenomenon / Peppino Ortoleva -- Scoop : the challenge of foreign correspondence / John Maxwell Hamilton and Heidi Tworek -- Searching for truth in fragmented spaces : chat apps and verification in news production / Colin Agur and Valerie Belair-Gagnon -- The use and verification of online sources in the news production process / Sophie Lecheler, Sanne Kruikemeier, Yael de Haan -- Technological affordances can promote misinformation : what journalists should watch out for when relying on online tools and social media / Maria D. Molina and S. Shyam Sundar -- Fake news finds an audience / Erik P. Bucy and John E. Newhagen -- Truth at large : when social media investigations get it wrong / Edson C. Tandoc Jr. -- Emotional characteristics of social media and political misperceptions / Brian E. Weeks and R. Kelly Garrett -- Conclusion / Kate K. Mays and James E. Katz.</subfield>
  </datafield>
  <datafield tag="650" ind1=" " ind2="0">
    <subfield code="a">Social media and journalism.</subfield>
  </datafield>
  <datafield tag="650" ind1=" " ind2="0">
    <subfield code="a">Journalism</subfield>
    <subfield code="x">Objectivity</subfield>
  </datafield>
  <datafield tag="650" ind1=" " ind2="0">
    <subfield code="a">Journalistic ethics.</subfield>
  </datafield>
  <datafield tag="650" ind1=" " ind2="0">
    <subfield code="a">Fake news.</subfield>
  </datafield>
  <datafield tag="650" ind1=" " ind2="0">
    <subfield code="a">Truth.</subfield>
  </datafield>
  <datafield tag="650" ind1=" " ind2="0">
    <subfield code="a">Social media</subfield>
    <subfield code="x">Political aspects.</subfield>
  </datafield>
  <datafield tag="700" ind1="1" ind2=" ">
    <subfield code="a">Katz, James Everett,</subfield>
    <subfield code="e">editor.</subfield>
  </datafield>
  <datafield tag="700" ind1="1" ind2=" ">
    <subfield code="a">Mays, Kate K.,</subfield>
    <subfield code="e">editor.</subfield>
  </datafield>
  <datafield tag="963" ind1=" " ind2=" ">
    <subfield code="a">Alexcee Bechthold; phone: 212-726-6414; email: Alexcee.BECHTHOLD@oup.com; bc: Joy.Mason@oup.com</subfield>
  </datafield>
</record>