
<record>
  <leader>03560cam a2200397 i 4500</leader>
  <controlfield tag="001">20912186</controlfield>
  <controlfield tag="005">20200102152633.0</controlfield>
  <controlfield tag="008">190307s2019    mau      b    001 0 eng c</controlfield>
  <datafield tag="906" ind1=" " ind2=" ">
    <subfield code="a">7</subfield>
    <subfield code="b">cbc</subfield>
    <subfield code="c">orignew</subfield>
    <subfield code="d">1</subfield>
    <subfield code="e">ecip</subfield>
    <subfield code="f">20</subfield>
    <subfield code="g">y-gencatlg</subfield>
  </datafield>
  <datafield tag="925" ind1="0" ind2=" ">
    <subfield code="a">acquire</subfield>
    <subfield code="b">1 shelf copy</subfield>
    <subfield code="x">policy default</subfield>
  </datafield>
  <datafield tag="955" ind1=" " ind2=" ">
    <subfield code="a">MH</subfield>
    <subfield code="e">re24 2019-04-05 to Dewey</subfield>
    <subfield code="w">re09 2019-04-08 to CIP</subfield>
    <subfield code="a">xn11 2019-11-19 1 copy rec&apos;d., to CIP ver.</subfield>
    <subfield code="f">re24 2019-12-06 to CALM</subfield>
  </datafield>
  <datafield tag="010" ind1=" " ind2=" ">
    <subfield code="a">  2019011189</subfield>
  </datafield>
  <datafield tag="020" ind1=" " ind2=" ">
    <subfield code="a">9781682533635</subfield>
    <subfield code="q">(pbk.)</subfield>
  </datafield>
  <datafield tag="020" ind1=" " ind2=" ">
    <subfield code="a">9781682533642</subfield>
    <subfield code="q">(library binding)</subfield>
  </datafield>
  <datafield tag="040" ind1=" " ind2=" ">
    <subfield code="a">MH/DLC</subfield>
    <subfield code="b">eng</subfield>
    <subfield code="c">MH</subfield>
    <subfield code="e">rda</subfield>
    <subfield code="d">DLC</subfield>
  </datafield>
  <datafield tag="042" ind1=" " ind2=" ">
    <subfield code="a">pcc</subfield>
  </datafield>
  <datafield tag="043" ind1=" " ind2=" ">
    <subfield code="a">n-us---</subfield>
  </datafield>
  <datafield tag="050" ind1="0" ind2="0">
    <subfield code="a">LB2822.82</subfield>
    <subfield code="b">.O3255 2019</subfield>
  </datafield>
  <datafield tag="082" ind1="0" ind2="0">
    <subfield code="a">379.2/6</subfield>
    <subfield code="2">23</subfield>
  </datafield>
  <datafield tag="100" ind1="1" ind2=" ">
    <subfield code="a">O&apos;Day, Jennifer A.,</subfield>
    <subfield code="d">1944-</subfield>
    <subfield code="e">author.</subfield>
  </datafield>
  <datafield tag="245" ind1="1" ind2="0">
    <subfield code="a">Opportunity for all :</subfield>
    <subfield code="b">a framework for quality and equality in education /</subfield>
    <subfield code="c">Jennifer A. O&apos;Day, Marshall S. Smith.</subfield>
  </datafield>
  <datafield tag="264" ind1=" " ind2="1">
    <subfield code="a">Cambridge, Massachusetts :</subfield>
    <subfield code="b">Harvard Education Press,</subfield>
    <subfield code="c">[2019]</subfield>
  </datafield>
  <datafield tag="300" ind1=" " ind2=" ">
    <subfield code="a">282 pages ;</subfield>
    <subfield code="c">24 cm</subfield>
  </datafield>
  <datafield tag="336" ind1=" " ind2=" ">
    <subfield code="a">text</subfield>
    <subfield code="2">rdacontent</subfield>
  </datafield>
  <datafield tag="337" ind1=" " ind2=" ">
    <subfield code="a">unmediated</subfield>
    <subfield code="2">rdamedia</subfield>
  </datafield>
  <datafield tag="338" ind1=" " ind2=" ">
    <subfield code="a">volume</subfield>
    <subfield code="2">rdacarrier</subfield>
  </datafield>
  <datafield tag="520" ind1=" " ind2=" ">
    <subfield code="a">Drawing on decades of research, policy, and practice, Jennifer A. O&apos;Day and Marshall S. Smith show how strategies for pursuing educational quality and equal outcomes for all students can be linked, presenting both an ambitious idea the future of American education and a comprehensive theory of change for enacting that vision. The authors argue that systemic causes require systemic solutions. Analyzing the failures of past efforts to address and remedy systemic inequality, O&apos;Day and Smith maintain that our current standards-based policy framework needs to be connected to a continuous improvement approach to build on and scale up successes and to address gaps in outcomes. They emphasize the value of focusing on a small set of high-leverage issues that are particularly salient for underserved students, and they call for deeper coordination between schools and community-based organizations to mobilize a coherent response to in-school and out-of-school inequities. The authors outline a change strategy that incorporates a balance of pressure and support from three sources: government and administrative policy, professional accountability and networking, and collective engagement of parents and other stakeholders. The authors combine discussion of research with examples of promising practices and progress in school systems across the country, and offer opportunities for readers to begin and sustain improvement efforts.--</subfield>
    <subfield code="c">Provided by publisher</subfield>
  </datafield>
  <datafield tag="504" ind1=" " ind2=" ">
    <subfield code="a">Includes bibliographical references and index.</subfield>
  </datafield>
  <datafield tag="505" ind1="0" ind2=" ">
    <subfield code="a">Part I. Where we are now: Hope, strategy, and change -- An unequal present -- Part II. A vision of a more equitable and effective system: A coherent, standards-based policy foundation -- Excellent teaching and teachers -- Quality and equality through continuous improvement -- Targeted strategies to reduce inequalities -- School-community connections -- Part III. Motivating and supporting change at scale: Balancing policy pressure and support -- Mobilizing the profession -- Supporting and sustaining change through an engaged citizenry -- Strategies, opportunities, and getting started.</subfield>
  </datafield>
  <datafield tag="650" ind1=" " ind2="0">
    <subfield code="a">Educational change</subfield>
    <subfield code="z">United States.</subfield>
  </datafield>
  <datafield tag="650" ind1=" " ind2="0">
    <subfield code="a">Educational equalization</subfield>
    <subfield code="z">United States.</subfield>
  </datafield>
  <datafield tag="650" ind1=" " ind2="0">
    <subfield code="a">School improvement programs</subfield>
    <subfield code="z">United States.</subfield>
  </datafield>
  <datafield tag="650" ind1=" " ind2="0">
    <subfield code="a">School management and organization</subfield>
    <subfield code="z">United States.</subfield>
  </datafield>
  <datafield tag="650" ind1=" " ind2="0">
    <subfield code="a">Community and school</subfield>
    <subfield code="z">United States.</subfield>
  </datafield>
  <datafield tag="700" ind1="1" ind2=" ">
    <subfield code="a">Smith, Marshall S.,</subfield>
    <subfield code="e">author.</subfield>
  </datafield>
  <datafield tag="985" ind1=" " ind2=" ">
    <subfield code="a">MHCIP</subfield>
    <subfield code="d">2019-04-01</subfield>
  </datafield>
</record>