
<record>
  <leader>03980cam a2200361 i 4500</leader>
  <controlfield tag="001">20913590</controlfield>
  <controlfield tag="005">20200102123343.0</controlfield>
  <controlfield tag="008">190402s2019    ilua     b    001 0 eng  </controlfield>
  <datafield tag="906" ind1=" " ind2=" ">
    <subfield code="a">7</subfield>
    <subfield code="b">cbc</subfield>
    <subfield code="c">orignew</subfield>
    <subfield code="d">1</subfield>
    <subfield code="e">ecip</subfield>
    <subfield code="f">20</subfield>
    <subfield code="g">y-gencatlg</subfield>
  </datafield>
  <datafield tag="925" ind1="0" ind2=" ">
    <subfield code="a">acquire</subfield>
    <subfield code="b">2 shelf copies</subfield>
    <subfield code="x">policy default</subfield>
  </datafield>
  <datafield tag="955" ind1=" " ind2=" ">
    <subfield code="b">xg08 2019-04-02</subfield>
    <subfield code="i">xg08 2019-04-02</subfield>
    <subfield code="e">xg34 2019-04-02 to Dewey</subfield>
    <subfield code="w">xm06 2019-04-03</subfield>
    <subfield code="a">xn11 2019-06-06 1 copy rec&apos;d., to CIP ver.</subfield>
    <subfield code="f">xg34 2019-06-15 Copy 1 to BCCD</subfield>
    <subfield code="t">xg34 2020-01-02 Copy 2 added to BCCD</subfield>
  </datafield>
  <datafield tag="010" ind1=" " ind2=" ">
    <subfield code="a">  2019010132</subfield>
  </datafield>
  <datafield tag="020" ind1=" " ind2=" ">
    <subfield code="a">9781641053013</subfield>
    <subfield code="q">(paperback)</subfield>
  </datafield>
  <datafield tag="020" ind1=" " ind2=" ">
    <subfield code="z">9781641053020</subfield>
    <subfield code="q">(e-book)</subfield>
  </datafield>
  <datafield tag="040" ind1=" " ind2=" ">
    <subfield code="a">DLC</subfield>
    <subfield code="b">eng</subfield>
    <subfield code="c">DLC</subfield>
    <subfield code="e">rda</subfield>
    <subfield code="d">DLC</subfield>
  </datafield>
  <datafield tag="042" ind1=" " ind2=" ">
    <subfield code="a">pcc</subfield>
  </datafield>
  <datafield tag="043" ind1=" " ind2=" ">
    <subfield code="a">n-us---</subfield>
  </datafield>
  <datafield tag="050" ind1="0" ind2="0">
    <subfield code="a">KF3467</subfield>
    <subfield code="b">.S496 2019</subfield>
  </datafield>
  <datafield tag="082" ind1="0" ind2="0">
    <subfield code="a">344.7301/4133</subfield>
    <subfield code="2">23</subfield>
  </datafield>
  <datafield tag="245" ind1="0" ind2="0">
    <subfield code="a">Sexual harassment and retaliation :</subfield>
    <subfield code="b">a practical handbook for plaintiff and defense /</subfield>
    <subfield code="c">Roxella T. Cavazos, co-editor and Sandra R. McCandless, co-editor.</subfield>
  </datafield>
  <datafield tag="264" ind1=" " ind2="1">
    <subfield code="a">Chicago, Illinois :</subfield>
    <subfield code="b">American Bar Association,</subfield>
    <subfield code="c">[2019]</subfield>
  </datafield>
  <datafield tag="300" ind1=" " ind2=" ">
    <subfield code="a">xxxii, 638 pages :</subfield>
    <subfield code="b">illustrations, forms ;</subfield>
    <subfield code="c">25 cm</subfield>
  </datafield>
  <datafield tag="336" ind1=" " ind2=" ">
    <subfield code="a">text</subfield>
    <subfield code="b">txt</subfield>
    <subfield code="2">rdacontent</subfield>
  </datafield>
  <datafield tag="337" ind1=" " ind2=" ">
    <subfield code="a">unmediated</subfield>
    <subfield code="b">n</subfield>
    <subfield code="2">rdamedia</subfield>
  </datafield>
  <datafield tag="338" ind1=" " ind2=" ">
    <subfield code="a">volume</subfield>
    <subfield code="b">nc</subfield>
    <subfield code="2">rdacarrier</subfield>
  </datafield>
  <datafield tag="504" ind1=" " ind2=" ">
    <subfield code="a">Includes bibliographical references and index.</subfield>
  </datafield>
  <datafield tag="505" ind1="0" ind2=" ">
    <subfield code="a">Gender harassment and retaliation / Victoria M. Phipps -- Workplace harassment : policies and investigations / Margaret J. Grover -- Investigating, preparing, and responding to the administrative charge and court complaint : plaintiff&apos;s perspective / Michelle A. Reinglass, Rachel Goldstein -- Responding to the charge and the complaint / Matthew B. Schiff, Kathryn (&quot;Katie&quot;) Nadro -- Employment practices liability insurance / Ellis B. Murov, Andrew J. Baer -- Representing and defending the alleged harasser / Peter Bennett, Timothy Powell -- Arbitration issues and considerations / Deborah Weiser -- Multi-plaintiff litigation and class actions : plaintiff&apos;s perspective / Maureen S. Binetti, Ashley E. Morin -- Multi-plaintiff litigation and class actions / Kenneth M. Willner -- Discovery and deposing the plaintiff and the plaintiff&apos;s witnesses: defense perspective / Sandra R. McCandless -- Discovery and deposing the alleged harasser and defense / Cynthia N. Sass -- Motion for summary judgment : defense perspective / Zascha Blanco Abbott -- Opposing motions for summary judgment : plaintiff&apos;s perspective / William C. Jhaveri-Weeks, Shajuti T. Hossain -- Work, sex, and the morning news : an updated look at discovering juror attitudes in sexual harassment cases / Susan G. Fillichio, Stgeven J. Son, Thia Quang -- Voir dire and plaintiff&apos;s opening statement : plaintiff&apos;s perspective / Marian H. Birge -- Voir dire and opening statement : defense perspective / Nadia P. Bermudez, Greg A. Garbacz, Patrick J. Goode II -- Evidentiary issues in workplace harassment and retaliation litigation / Harriet E. Cooperman, Gillian A. Cooper -- Cross-examining the plaintiff in a workplace / Wayne E. Pinkstone -- Cross-examination of the alleged harasser and decision-maker / Joseph Y. Ahmad -- Damages issues in Title VII cases : plaintiff&apos;s perspective / Robert B. Fitzpatrick -- Damage issues and mitigation / Amy S. Wilson -- Using psychiatric and psychological experts at trial : defense perspective / Holly M. Robbins, Susie P. Wine, Cecilia B. Wagner -- Closing argument and jury instructions: plaintiff&apos;s perspective / Lynne Bernabei, Alan Kabat, Devin Wrigley -- Closing argument and jury instructions: defense perspective / Roxella T. Cavazos.</subfield>
  </datafield>
  <datafield tag="650" ind1=" " ind2="0">
    <subfield code="a">Sexual harassment</subfield>
    <subfield code="x">Law and legislation</subfield>
    <subfield code="z">United States.</subfield>
  </datafield>
  <datafield tag="650" ind1=" " ind2="0">
    <subfield code="a">Sexual harassment</subfield>
    <subfield code="x">Law and legislation</subfield>
    <subfield code="z">United States</subfield>
    <subfield code="x">Trial practice.</subfield>
  </datafield>
  <datafield tag="700" ind1="1" ind2=" ">
    <subfield code="a">Cavazos, Roxella T.,</subfield>
    <subfield code="e">editor.</subfield>
  </datafield>
  <datafield tag="700" ind1="1" ind2=" ">
    <subfield code="a">McCandless, Sandra R.,</subfield>
    <subfield code="e">editor.</subfield>
  </datafield>
  <datafield tag="710" ind1="2" ind2=" ">
    <subfield code="a">American Bar Association.</subfield>
    <subfield code="b">Tort Trial and Insurance Practice Section,</subfield>
    <subfield code="e">sponsoring body.</subfield>
  </datafield>
  <datafield tag="776" ind1="0" ind2="8">
    <subfield code="i">Online version:</subfield>
    <subfield code="t">Sexual harassment and retaliation</subfield>
    <subfield code="d">Chicago, Illinois : American Bar Association, 2019</subfield>
    <subfield code="z">9781641053020</subfield>
    <subfield code="w">(DLC) 2019016143</subfield>
  </datafield>
</record>