
<record>
  <leader>02500cam a22003614i 4500</leader>
  <controlfield tag="001">20925627</controlfield>
  <controlfield tag="005">20200102183415.0</controlfield>
  <controlfield tag="008">190410s2019    ne       b    001 0 eng  </controlfield>
  <datafield tag="906" ind1=" " ind2=" ">
    <subfield code="a">7</subfield>
    <subfield code="b">cbc</subfield>
    <subfield code="c">orignew</subfield>
    <subfield code="d">1</subfield>
    <subfield code="e">ecip</subfield>
    <subfield code="f">20</subfield>
    <subfield code="g">y-gencatlg</subfield>
  </datafield>
  <datafield tag="925" ind1="0" ind2=" ">
    <subfield code="a">acquire</subfield>
    <subfield code="b">1 shelf copy</subfield>
    <subfield code="x">policy default</subfield>
  </datafield>
  <datafield tag="955" ind1=" " ind2=" ">
    <subfield code="b">rk10 2019-04-10</subfield>
    <subfield code="c">rk10 2019-04-10 (telework) to subject</subfield>
    <subfield code="a">rk10 2019-06-03 (telework) &quot;to subj. cat.&quot; status assigned in PBBL</subfield>
    <subfield code="d">re23 2019-08-07</subfield>
    <subfield code="e">re23 2019-08-07 to Dewey</subfield>
    <subfield code="w">xm09 2019-08-14</subfield>
    <subfield code="a">xn11 2019-10-23 1 copy rec&apos;d., to CIP ver.</subfield>
    <subfield code="f">re06 2020-01-02 (telework) to Calm</subfield>
  </datafield>
  <datafield tag="010" ind1=" " ind2=" ">
    <subfield code="a">  2019016584</subfield>
  </datafield>
  <datafield tag="020" ind1=" " ind2=" ">
    <subfield code="a">9789004401587 (hardback : alk. paper)</subfield>
  </datafield>
  <datafield tag="020" ind1=" " ind2=" ">
    <subfield code="z">9789004402034 (ebook)</subfield>
  </datafield>
  <datafield tag="040" ind1=" " ind2=" ">
    <subfield code="a">DLC</subfield>
    <subfield code="b">eng</subfield>
    <subfield code="c">DLC</subfield>
    <subfield code="e">rda</subfield>
    <subfield code="d">DLC</subfield>
  </datafield>
  <datafield tag="042" ind1=" " ind2=" ">
    <subfield code="a">pcc</subfield>
  </datafield>
  <datafield tag="043" ind1=" " ind2=" ">
    <subfield code="a">e------</subfield>
  </datafield>
  <datafield tag="050" ind1="0" ind2="0">
    <subfield code="a">LA622</subfield>
    <subfield code="b">.A328 2019</subfield>
  </datafield>
  <datafield tag="082" ind1="0" ind2="0">
    <subfield code="a">378.4</subfield>
    <subfield code="2">23</subfield>
  </datafield>
  <datafield tag="245" ind1="0" ind2="0">
    <subfield code="a">Academia in crisis :</subfield>
    <subfield code="b">the rise and risk of Neoliberal education in Europe /</subfield>
    <subfield code="c">edited by Leonidas Donskis, Ida Sabelis, Frans Kamsteeg, Harry Wels.</subfield>
  </datafield>
  <datafield tag="264" ind1=" " ind2="1">
    <subfield code="a">Leiden ;</subfield>
    <subfield code="a">Boston :</subfield>
    <subfield code="b">Brill-Rodopi,</subfield>
    <subfield code="c">[2019]</subfield>
  </datafield>
  <datafield tag="300" ind1=" " ind2=" ">
    <subfield code="a">ix, 201 pages ;</subfield>
    <subfield code="c">24 cm.</subfield>
  </datafield>
  <datafield tag="336" ind1=" " ind2=" ">
    <subfield code="a">text</subfield>
    <subfield code="b">txt</subfield>
    <subfield code="2">rdacontent</subfield>
  </datafield>
  <datafield tag="337" ind1=" " ind2=" ">
    <subfield code="a">unmediated</subfield>
    <subfield code="b">n</subfield>
    <subfield code="2">rdamedia</subfield>
  </datafield>
  <datafield tag="338" ind1=" " ind2=" ">
    <subfield code="a">volume</subfield>
    <subfield code="b">nc</subfield>
    <subfield code="2">rdacarrier</subfield>
  </datafield>
  <datafield tag="490" ind1="0" ind2=" ">
    <subfield code="a">Value inquiry book series,</subfield>
    <subfield code="x">0929-8436 ;</subfield>
    <subfield code="v">volume 335</subfield>
  </datafield>
  <datafield tag="504" ind1=" " ind2=" ">
    <subfield code="a">Includes bibliographical references and index.</subfield>
  </datafield>
  <datafield tag="505" ind1="0" ind2=" ">
    <subfield code="a">Introductory thoughts / Tamara Shefer -- Toward an educational dystopia? : liquid evil, TINA, and post-academic university / Leonidas Donskis -- Academic homecoming : stories from the field / Frans Kamsteeg -- Universities as laboratories : internationalisation and the liquidity of national learning / Stefano Bianchini -- Liberal arts to the rescue of the bachelor&apos;s degree in Europe / Samuel Abraham -- Academia in the fast lane vs. organisational ethnography and the logic of slow food / Harry Wels -- Timescapes in academic life : cubicles of time control / Ida Sabelis -- A nomad of academia : a thematic autobiography of privilege / Joost van Loon -- The truth is out there : &quot;eEducated fo&apos; bollocks. Uni&apos;s just institutional daylight robbery&apos; : universities in crisis? What&apos;s new? / Simon J. Charlesworth -- Epilogue / Ida Sabelis.</subfield>
  </datafield>
  <datafield tag="650" ind1=" " ind2="0">
    <subfield code="a">Education, Higher</subfield>
    <subfield code="x">Aims and objectives</subfield>
    <subfield code="z">Europe.</subfield>
  </datafield>
  <datafield tag="650" ind1=" " ind2="0">
    <subfield code="a">Universities and colleges</subfield>
    <subfield code="z">Europe</subfield>
    <subfield code="x">Planning.</subfield>
  </datafield>
  <datafield tag="651" ind1=" " ind2="0">
    <subfield code="a">Europe</subfield>
    <subfield code="x">Intellectual life</subfield>
    <subfield code="y">21st century.</subfield>
  </datafield>
  <datafield tag="700" ind1="1" ind2=" ">
    <subfield code="a">Donskis, Leonidas,</subfield>
    <subfield code="e">editor.</subfield>
  </datafield>
  <datafield tag="776" ind1="0" ind2="8">
    <subfield code="i">Online version:</subfield>
    <subfield code="t">Academia in crisis.</subfield>
    <subfield code="d">Leiden ; Boston : Brill-Rodopi, 2019.</subfield>
    <subfield code="z">9789004402034</subfield>
    <subfield code="w">(DLC)  2019980141</subfield>
  </datafield>
</record>