
<record>
  <leader>03612cam a22004218i 4500</leader>
  <controlfield tag="001">20928081</controlfield>
  <controlfield tag="005">20200102094945.0</controlfield>
  <controlfield tag="008">190412s2019    miu      b   s001 0 eng  </controlfield>
  <datafield tag="906" ind1=" " ind2=" ">
    <subfield code="a">0</subfield>
    <subfield code="b">ibc</subfield>
    <subfield code="c">orignew</subfield>
    <subfield code="d">1</subfield>
    <subfield code="e">ecip</subfield>
    <subfield code="f">20</subfield>
    <subfield code="g">y-gencatlg</subfield>
  </datafield>
  <datafield tag="925" ind1="0" ind2=" ">
    <subfield code="a">acquire</subfield>
    <subfield code="b">1 shelf copy</subfield>
    <subfield code="x">policy default</subfield>
  </datafield>
  <datafield tag="955" ind1=" " ind2=" ">
    <subfield code="b">xk20 2019-04-12</subfield>
    <subfield code="i">xk20 2019-04-12 to PSD/SHED</subfield>
    <subfield code="e">td14 2020-01-02 subject proposal revised and approved; reclassed to follow LCC policies; made class proposal; to Dewey</subfield>
  </datafield>
  <datafield tag="010" ind1=" " ind2=" ">
    <subfield code="a">  2019011239</subfield>
  </datafield>
  <datafield tag="020" ind1=" " ind2=" ">
    <subfield code="a">9780472074204 (hardcover : alk. paper)</subfield>
  </datafield>
  <datafield tag="020" ind1=" " ind2=" ">
    <subfield code="a">9780472054206 (pbk. : alk. paper)</subfield>
  </datafield>
  <datafield tag="020" ind1=" " ind2=" ">
    <subfield code="z">9780472125715 (ebook)</subfield>
  </datafield>
  <datafield tag="040" ind1=" " ind2=" ">
    <subfield code="a">DLC</subfield>
    <subfield code="b">eng</subfield>
    <subfield code="e">rda</subfield>
    <subfield code="c">DLC</subfield>
  </datafield>
  <datafield tag="042" ind1=" " ind2=" ">
    <subfield code="a">pcc</subfield>
  </datafield>
  <datafield tag="050" ind1="0" ind2="0">
    <subfield code="a">PN1009.5.C44</subfield>
    <subfield code="b">W44 2019</subfield>
  </datafield>
  <datafield tag="100" ind1="1" ind2=" ">
    <subfield code="a">Wheeler, Elizabeth A.,</subfield>
    <subfield code="d">1959-</subfield>
    <subfield code="e">author.</subfield>
  </datafield>
  <datafield tag="245" ind1="1" ind2="0">
    <subfield code="a">Handiland :</subfield>
    <subfield code="b">the crippest place on earth /</subfield>
    <subfield code="c">Elizabeth A. Wheeler.</subfield>
  </datafield>
  <datafield tag="246" ind1="3" ind2="0">
    <subfield code="a">Crippest place on earth</subfield>
  </datafield>
  <datafield tag="263" ind1=" " ind2=" ">
    <subfield code="a">1908</subfield>
  </datafield>
  <datafield tag="264" ind1=" " ind2="1">
    <subfield code="a">Ann Arbor :</subfield>
    <subfield code="b">University of Michigan Press,</subfield>
    <subfield code="c">2019.</subfield>
  </datafield>
  <datafield tag="300" ind1=" " ind2=" ">
    <subfield code="a">pages cm</subfield>
  </datafield>
  <datafield tag="336" ind1=" " ind2=" ">
    <subfield code="a">text</subfield>
    <subfield code="b">txt</subfield>
    <subfield code="2">rdacontent</subfield>
  </datafield>
  <datafield tag="337" ind1=" " ind2=" ">
    <subfield code="a">unmediated</subfield>
    <subfield code="b">n</subfield>
    <subfield code="2">rdamedia</subfield>
  </datafield>
  <datafield tag="338" ind1=" " ind2=" ">
    <subfield code="a">volume</subfield>
    <subfield code="b">nc</subfield>
    <subfield code="2">rdacarrier</subfield>
  </datafield>
  <datafield tag="490" ind1="0" ind2=" ">
    <subfield code="a">Corporealities: Discourses of Disability</subfield>
  </datafield>
  <datafield tag="504" ind1=" " ind2=" ">
    <subfield code="a">Includes bibliographical references and index.</subfield>
  </datafield>
  <datafield tag="505" ind1="0" ind2=" ">
    <subfield code="a">Introduction: Welcome to HandiLand -- Part One. Kids in Public Space: A Theory in Stories. 1 Play Structures; 2 Masculinity at the Orthopedic Preschool; 3 Epistemology of the Toilet -- Part Two. Nature. 4 Moving Together Side by Side: Human-Animal Comparisons in Picture Books. 5 Disservice Animals: Hyperbole and a Half&apos;s Test Anxiety for Dogs and Humans -- Part Three. School. 6 Rehearsing the Future;  7 One Difference at a Time -- Part Four. Fantasy. 8 Portkeys to Disability in British Fantasy Literature; 9 Inside Your Head: Harry Potter&apos;s Pain and Disability Fandom; 10 Runoff: Afroaquanauts in Landscapes of Sacrifice -- Conclusion: Tomorrowland -- Appendix A: Picture Books Featuring Children with Disabilities and Animals.</subfield>
  </datafield>
  <datafield tag="520" ind1=" " ind2=" ">
    <subfield code="a">&quot;HandiLand looks at young adult novels, fantasy series, graphic memoirs, and picture books of the last 25 years in which characters with disabilities take center stage for the first time. These books take what others regard as weaknesses--for instance, Harry Potter&apos;s headaches or Hazel Lancaster&apos;s oxygen tank--and redefine them as part of the hero&apos;s journey. HandiLand places this movement from sidekick to hero in the political contexts of disability rights movements in the United States, the United Kingdom, and Ghana. HandiLand moves through the public spaces young people with disabilities have entered, including schools, nature, and online communities. How does Afrofuturist science fiction shed light on the Flint water crisis? How does Harry Potter strengthen fans struggling with depression? How does Wonder offers strategies for entering a new school with a visible disability? As a disabled person and parent of children with disabilities, Wheeler offers an inside look into families who collude with their kids in shaping a better world.&quot; --</subfield>
    <subfield code="c">Provided by publisher.</subfield>
  </datafield>
  <datafield tag="650" ind1=" " ind2="0">
    <subfield code="a">Youth with disabilities in literature.</subfield>
  </datafield>
  <datafield tag="650" ind1=" " ind2="0">
    <subfield code="a">Young adult fiction</subfield>
    <subfield code="x">History and criticism.</subfield>
  </datafield>
  <datafield tag="650" ind1=" " ind2="0">
    <subfield code="a">Fantasy literature</subfield>
    <subfield code="x">History and criticism.</subfield>
  </datafield>
  <datafield tag="650" ind1=" " ind2="0">
    <subfield code="a">Autobiographical comics</subfield>
    <subfield code="x">History and criticism.</subfield>
  </datafield>
  <datafield tag="650" ind1=" " ind2="0">
    <subfield code="a">Picture books</subfield>
    <subfield code="x">History.</subfield>
  </datafield>
  <datafield tag="776" ind1="0" ind2="8">
    <subfield code="i">Online version:</subfield>
    <subfield code="a">Wheeler, Elizabeth A., 1959- author.</subfield>
    <subfield code="t">Handiland.</subfield>
    <subfield code="d">Ann Arbor : University of Michigan Press, 2019.</subfield>
    <subfield code="z">9780472125715</subfield>
    <subfield code="w">(DLC)  2019980233</subfield>
  </datafield>
  <datafield tag="963" ind1=" " ind2=" ">
    <subfield code="a">Melissa Scholke; phone: 734-936-0394; email: LOC-CIPregistr@umich.edu; bc: melikaye@umich.edu</subfield>
  </datafield>
</record>